timestamp,price,volume
2025-10-23T09:00:00.504579,4500.22,10
2025-10-23T09:00:10.504579,4497.07,2
2025-10-23T09:00:20.504579,4495.04,1
2025-10-23T09:00:30.504579,4499.63,9
2025-10-23T09:00:40.504579,4502.78,2
2025-10-23T09:00:50.504579,4497.90,8
2025-10-23T09:01:00.504579,4495.54,4
2025-10-23T09:01:10.504579,4500.74,9
2025-10-23T09:01:20.504579,4500.03,3
2025-10-23T09:01:30.504579,4504.28,8
2025-10-23T09:01:40.504579,4500.55,1
2025-10-23T09:01:50.504579,4499.41,5
2025-10-23T09:02:00.504579,4500.04,9
2025-10-23T09:02:10.504579,4501.81,5
2025-10-23T09:02:20.504579,4496.73,8
2025-10-23T09:02:30.504579,4497.35,2
2025-10-23T09:02:40.504579,4504.34,10
2025-10-23T09:02:50.504579,4500.60,2
2025-10-23T09:03:00.504579,4502.79,7
2025-10-23T09:03:10.504579,4502.74,2
2025-10-23T09:03:20.504579,4498.02,10
2025-10-23T09:03:30.504579,4499.76,2
2025-10-23T09:03:40.504579,4497.28,8
2025-10-23T09:03:50.504579,4501.58,1
2025-10-23T09:04:00.504579,4502.71,1
2025-10-23T09:04:10.504579,4504.12,9
2025-10-23T09:04:20.504579,4498.95,2
2025-10-23T09:04:30.504579,4504.92,8
2025-10-23T09:04:40.504579,4503.33,2
2025-10-23T09:04:50.504579,4496.18,5
2025-10-23T09:05:00.504579,4497.14,9
2025-10-23T09:05:10.504579,4501.95,5
2025-10-23T09:05:20.504579,4494.92,10
2025-10-23T09:05:30.504579,4499.08,4
2025-10-23T09:05:40.504579,4498.81,3
2025-10-23T09:05:50.504579,4494.39,8
2025-10-23T09:06:00.504579,4495.96,2
2025-10-23T09:06:10.504579,4498.00,1
2025-10-23T09:06:20.504579,4504.77,1
2025-10-23T09:06:30.504579,4496.02,8
2025-10-23T09:06:40.504579,4497.43,3
2025-10-23T09:06:50.504579,4502.49,9
2025-10-23T09:07:00.504579,4496.49,5
2025-10-23T09:07:10.504579,4503.97,4
2025-10-23T09:07:20.504579,4504.70,8
2025-10-23T09:07:30.504579,4502.99,6
2025-10-23T09:07:40.504579,4496.52,1
2025-10-23T09:07:50.504579,4503.82,10
2025-10-23T09:08:00.504579,4502.31,3
2025-10-23T09:08:10.504579,4497.81,3
2025-10-23T09:08:20.504579,4499.11,6
2025-10-23T09:08:30.504579,4502.58,3
2025-10-23T09:08:40.504579,4499.79,10
2025-10-23T09:08:50.504579,4498.30,10
2025-10-23T09:09:00.504579,4502.69,9
2025-10-23T09:09:10.504579,4495.84,4
2025-10-23T09:09:20.504579,4498.88,2
2025-10-23T09:09:30.504579,4496.76,1
2025-10-23T09:09:40.504579,4497.06,4
2025-10-23T09:09:50.504579,4495.85,1
2025-10-23T09:10:00.504579,4503.83,2
2025-10-23T09:10:10.504579,4503.32,5
2025-10-23T09:10:20.504579,4499.87,1
2025-10-23T09:10:30.504579,4495.84,1
2025-10-23T09:10:40.504579,4494.75,1
2025-10-23T09:10:50.504579,4497.90,6
2025-10-23T09:11:00.504579,4503.34,3
2025-10-23T09:11:10.504579,4494.59,4
2025-10-23T09:11:20.504579,4504.02,3
2025-10-23T09:11:30.504579,4498.61,9
2025-10-23T09:11:40.504579,4502.94,2
2025-10-23T09:11:50.504579,4500.14,9
2025-10-23T09:12:00.504579,4498.30,9
2025-10-23T09:12:10.504579,4497.41,7
2025-10-23T09:12:20.504579,4498.08,9
2025-10-23T09:12:30.504579,4499.18,6
2025-10-23T09:12:40.504579,4503.12,5
2025-10-23T09:12:50.504579,4497.59,6
2025-10-23T09:13:00.504579,4496.43,3
2025-10-23T09:13:10.504579,4496.72,2
2025-10-23T09:13:20.504579,4495.36,2
2025-10-23T09:13:30.504579,4494.79,1
2025-10-23T09:13:40.504579,4504.25,7
2025-10-23T09:13:50.504579,4498.56,4
2025-10-23T09:14:00.504579,4495.14,7
2025-10-23T09:14:10.504579,4498.80,10
2025-10-23T09:14:20.504579,4499.93,4
2025-10-23T09:14:30.504579,4501.89,3
2025-10-23T09:14:40.504579,4501.08,7
2025-10-23T09:14:50.504579,4501.60,7
2025-10-23T09:15:00.504579,4496.13,5
2025-10-23T09:15:10.504579,4498.79,1
2025-10-23T09:15:20.504579,4496.91,1
2025-10-23T09:15:30.504579,4498.18,8
2025-10-23T09:15:40.504579,4498.53,1
2025-10-23T09:15:50.504579,4499.96,6
2025-10-23T09:16:00.504579,4500.09,4
2025-10-23T09:16:10.504579,4503.15,2
2025-10-23T09:16:20.504579,4495.49,1
2025-10-23T09:16:30.504579,4498.27,1
2025-10-23T09:16:40.504579,4501.83,10
2025-10-23T09:16:50.504579,4502.52,10
2025-10-23T09:17:00.504579,4501.85,8
2025-10-23T09:17:10.504579,4501.50,1
2025-10-23T09:17:20.504579,4501.24,9
2025-10-23T09:17:30.504579,4503.31,7
2025-10-23T09:17:40.504579,4498.18,2
2025-10-23T09:17:50.504579,4504.13,1
2025-10-23T09:18:00.504579,4503.19,6
2025-10-23T09:18:10.504579,4499.60,4
2025-10-23T09:18:20.504579,4495.74,10
2025-10-23T09:18:30.504579,4500.88,9
2025-10-23T09:18:40.504579,4504.74,5
2025-10-23T09:18:50.504579,4503.65,6
2025-10-23T09:19:00.504579,4505.66,4
2025-10-23T09:19:10.504579,4495.95,4
2025-10-23T09:19:20.504579,4502.40,10
2025-10-23T09:19:30.504579,4497.02,1
2025-10-23T09:19:40.504579,4502.68,5
2025-10-23T09:19:50.504579,4498.95,7
2025-10-23T09:20:00.504579,4503.45,7
2025-10-23T09:20:10.504579,4500.24,1
2025-10-23T09:20:20.504579,4497.62,2
2025-10-23T09:20:30.504579,4501.86,8
2025-10-23T09:20:40.504579,4504.81,6
2025-10-23T09:20:50.504579,4501.18,1
2025-10-23T09:21:00.504579,4500.03,9
2025-10-23T09:21:10.504579,4498.61,8
2025-10-23T09:21:20.504579,4497.48,4
2025-10-23T09:21:30.504579,4505.30,1
2025-10-23T09:21:40.504579,4500.93,10
2025-10-23T09:21:50.504579,4502.68,9
2025-10-23T09:22:00.504579,4497.19,5
2025-10-23T09:22:10.504579,4500.27,4
2025-10-23T09:22:20.504579,4498.88,2
2025-10-23T09:22:30.504579,4503.23,2
2025-10-23T09:22:40.504579,4503.64,1
2025-10-23T09:22:50.504579,4498.50,2
2025-10-23T09:23:00.504579,4502.30,4
2025-10-23T09:23:10.504579,4496.64,8
2025-10-23T09:23:20.504579,4501.90,3
2025-10-23T09:23:30.504579,4500.36,8
2025-10-23T09:23:40.504579,4497.83,7
2025-10-23T09:23:50.504579,4499.90,3
2025-10-23T09:24:00.504579,4501.53,9
2025-10-23T09:24:10.504579,4496.45,8
2025-10-23T09:24:20.504579,4503.51,9
2025-10-23T09:24:30.504579,4502.69,3
2025-10-23T09:24:40.504579,4500.84,3
2025-10-23T09:24:50.504579,4497.59,5
2025-10-23T09:25:00.504579,4496.79,10
2025-10-23T09:25:10.504579,4497.36,10
2025-10-23T09:25:20.504579,4500.19,4
2025-10-23T09:25:30.504579,4502.06,5
2025-10-23T09:25:40.504579,4502.75,7
2025-10-23T09:25:50.504579,4501.41,2
2025-10-23T09:26:00.504579,4503.21,3
2025-10-23T09:26:10.504579,4498.84,2
2025-10-23T09:26:20.504579,4497.55,4
2025-10-23T09:26:30.504579,4498.57,7
2025-10-23T09:26:40.504579,4504.49,1
2025-10-23T09:26:50.504579,4502.15,10
2025-10-23T09:27:00.504579,4503.19,1
2025-10-23T09:27:10.504579,4496.24,7
2025-10-23T09:27:20.504579,4496.24,6
2025-10-23T09:27:30.504579,4498.32,9
2025-10-23T09:27:40.504579,4498.06,4
2025-10-23T09:27:50.504579,4500.29,9
2025-10-23T09:28:00.504579,4497.21,1
2025-10-23T09:28:10.504579,4498.03,4
2025-10-23T09:28:20.504579,4501.01,3
2025-10-23T09:28:30.504579,4500.68,10
2025-10-23T09:28:40.504579,4500.10,3
2025-10-23T09:28:50.504579,4498.12,8
2025-10-23T09:29:00.504579,4502.62,3
2025-10-23T09:29:10.504579,4504.36,9
2025-10-23T09:29:20.504579,4501.73,4
2025-10-23T09:29:30.504579,4505.47,4
2025-10-23T09:29:40.504579,4497.49,8
2025-10-23T09:29:50.504579,4495.92,10
2025-10-23T09:30:00.504579,4500.99,2
2025-10-23T09:30:10.504579,4496.95,7
2025-10-23T09:30:20.504579,4495.10,5
2025-10-23T09:30:30.504579,4495.63,4
2025-10-23T09:30:40.504579,4500.58,7
2025-10-23T09:30:50.504579,4501.23,2
2025-10-23T09:31:00.504579,4496.16,1
2025-10-23T09:31:10.504579,4498.57,7
2025-10-23T09:31:20.504579,4502.76,1
2025-10-23T09:31:30.504579,4502.07,4
2025-10-23T09:31:40.504579,4495.52,2
2025-10-23T09:31:50.504579,4504.74,10
2025-10-23T09:32:00.504579,4496.05,1
2025-10-23T09:32:10.504579,4498.31,7
2025-10-23T09:32:20.504579,4500.84,9
2025-10-23T09:32:30.504579,4497.77,6
2025-10-23T09:32:40.504579,4500.36,1
2025-10-23T09:32:50.504579,4504.99,3
2025-10-23T09:33:00.504579,4498.92,7
2025-10-23T09:33:10.504579,4497.49,9
2025-10-23T09:33:20.504579,4500.80,5
2025-10-23T09:33:30.504579,4503.63,3
2025-10-23T09:33:40.504579,4504.70,9
2025-10-23T09:33:50.504579,4502.69,7
2025-10-23T09:34:00.504579,4502.35,4
2025-10-23T09:34:10.504579,4505.63,4
2025-10-23T09:34:20.504579,4501.02,9
2025-10-23T09:34:30.504579,4504.30,1
2025-10-23T09:34:40.504579,4504.64,5
2025-10-23T09:34:50.504579,4505.27,3
2025-10-23T09:35:00.504579,4498.07,2
2025-10-23T09:35:10.504579,4498.89,6
2025-10-23T09:35:20.504579,4499.61,1
2025-10-23T09:35:30.504579,4505.97,5
2025-10-23T09:35:40.504579,4507.10,2
2025-10-23T09:35:50.504579,4504.92,2
2025-10-23T09:36:00.504579,4497.50,8
2025-10-23T09:36:10.504579,4497.80,4
2025-10-23T09:36:20.504579,4502.96,8
2025-10-23T09:36:30.504579,4497.94,8
2025-10-23T09:36:40.504579,4503.99,2
2025-10-23T09:36:50.504579,4498.02,1
2025-10-23T09:37:00.504579,4501.71,9
2025-10-23T09:37:10.504579,4497.45,2
2025-10-23T09:37:20.504579,4500.38,1
2025-10-23T09:37:30.504579,4496.72,9
2025-10-23T09:37:40.504579,4499.81,7
2025-10-23T09:37:50.504579,4496.90,6
2025-10-23T09:38:00.504579,4505.80,4
2025-10-23T09:38:10.504579,4497.33,3
2025-10-23T09:38:20.504579,4503.86,10
2025-10-23T09:38:30.504579,4501.42,8
2025-10-23T09:38:40.504579,4505.29,3
2025-10-23T09:38:50.504579,4499.40,1
2025-10-23T09:39:00.504579,4504.04,6
2025-10-23T09:39:10.504579,4496.36,6
2025-10-23T09:39:20.504579,4503.23,5
2025-10-23T09:39:30.504579,4503.50,9
2025-10-23T09:39:40.504579,4503.68,4
2025-10-23T09:39:50.504579,4497.85,1
2025-10-23T09:40:00.504579,4504.15,10
2025-10-23T09:40:10.504579,4495.50,1
2025-10-23T09:40:20.504579,4501.89,1
2025-10-23T09:40:30.504579,4502.89,1
2025-10-23T09:40:40.504579,4501.90,10
2025-10-23T09:40:50.504579,4497.76,2
2025-10-23T09:41:00.504579,4501.77,10
2025-10-23T09:41:10.504579,4500.85,6
2025-10-23T09:41:20.504579,4494.96,1
2025-10-23T09:41:30.504579,4499.81,6
2025-10-23T09:41:40.504579,4494.80,1
2025-10-23T09:41:50.504579,4493.02,8
2025-10-23T09:42:00.504579,4501.27,8
2025-10-23T09:42:10.504579,4498.27,2
2025-10-23T09:42:20.504579,4502.85,7
2025-10-23T09:42:30.504579,4501.74,9
2025-10-23T09:42:40.504579,4498.26,5
2025-10-23T09:42:50.504579,4502.90,9
2025-10-23T09:43:00.504579,4495.64,9
2025-10-23T09:43:10.504579,4498.10,6
2025-10-23T09:43:20.504579,4500.36,1
2025-10-23T09:43:30.504579,4503.13,2
2025-10-23T09:43:40.504579,4503.74,1
2025-10-23T09:43:50.504579,4501.76,8
2025-10-23T09:44:00.504579,4501.75,1
2025-10-23T09:44:10.504579,4494.70,7
2025-10-23T09:44:20.504579,4494.97,6
2025-10-23T09:44:30.504579,4502.41,1
2025-10-23T09:44:40.504579,4496.21,1
2025-10-23T09:44:50.504579,4498.00,3
2025-10-23T09:45:00.504579,4494.18,1
2025-10-23T09:45:10.504579,4494.11,4
2025-10-23T09:45:20.504579,4498.57,8
2025-10-23T09:45:30.504579,4502.18,3
2025-10-23T09:45:40.504579,4502.11,4
2025-10-23T09:45:50.504579,4500.64,4
2025-10-23T09:46:00.504579,4501.07,4
2025-10-23T09:46:10.504579,4498.57,5
2025-10-23T09:46:20.504579,4494.82,3
2025-10-23T09:46:30.504579,4497.91,7
2025-10-23T09:46:40.504579,4500.20,7
2025-10-23T09:46:50.504579,4504.35,9
2025-10-23T09:47:00.504579,4496.37,8
2025-10-23T09:47:10.504579,4500.90,7
2025-10-23T09:47:20.504579,4502.74,9
2025-10-23T09:47:30.504579,4501.36,1
2025-10-23T09:47:40.504579,4499.26,6
2025-10-23T09:47:50.504579,4503.24,8
2025-10-23T09:48:00.504579,4503.37,6
2025-10-23T09:48:10.504579,4499.70,8
2025-10-23T09:48:20.504579,4503.90,10
2025-10-23T09:48:30.504579,4504.27,8
2025-10-23T09:48:40.504579,4500.83,2
2025-10-23T09:48:50.504579,4502.86,4
2025-10-23T09:49:00.504579,4497.02,2
2025-10-23T09:49:10.504579,4501.85,5
2025-10-23T09:49:20.504579,4499.11,8
2025-10-23T09:49:30.504579,4499.90,3
2025-10-23T09:49:40.504579,4505.30,1
2025-10-23T09:49:50.504579,4500.79,8
2025-10-23T09:50:00.504579,4498.68,1
2025-10-23T09:50:10.504579,4498.50,2
2025-10-23T09:50:20.504579,4504.54,5
2025-10-23T09:50:30.504579,4498.06,3
2025-10-23T09:50:40.504579,4497.81,10
2025-10-23T09:50:50.504579,4498.38,7
2025-10-23T09:51:00.504579,4500.39,2
2025-10-23T09:51:10.504579,4501.76,3
2025-10-23T09:51:20.504579,4499.45,1
2025-10-23T09:51:30.504579,4504.77,5
2025-10-23T09:51:40.504579,4497.98,4
2025-10-23T09:51:50.504579,4499.42,4
2025-10-23T09:52:00.504579,4502.08,7
2025-10-23T09:52:10.504579,4503.31,7
2025-10-23T09:52:20.504579,4500.08,10
2025-10-23T09:52:30.504579,4503.67,7
2025-10-23T09:52:40.504579,4495.86,3
2025-10-23T09:52:50.504579,4502.91,6
2025-10-23T09:53:00.504579,4503.22,4
2025-10-23T09:53:10.504579,4497.58,8
2025-10-23T09:53:20.504579,4498.42,2
2025-10-23T09:53:30.504579,4500.93,5
2025-10-23T09:53:40.504579,4498.08,3
2025-10-23T09:53:50.504579,4498.01,4
2025-10-23T09:54:00.504579,4498.22,3
2025-10-23T09:54:10.504579,4495.35,3
2025-10-23T09:54:20.504579,4496.60,1
2025-10-23T09:54:30.504579,4500.08,9
2025-10-23T09:54:40.504579,4497.05,8
2025-10-23T09:54:50.504579,4497.62,6
2025-10-23T09:55:00.504579,4494.57,6
2025-10-23T09:55:10.504579,4499.58,5
2025-10-23T09:55:20.504579,4499.09,10
2025-10-23T09:55:30.504579,4494.28,7
2025-10-23T09:55:40.504579,4502.59,7
2025-10-23T09:55:50.504579,4493.90,3
2025-10-23T09:56:00.504579,4494.07,4
2025-10-23T09:56:10.504579,4495.31,10
2025-10-23T09:56:20.504579,4494.50,10
2025-10-23T09:56:30.504579,4502.83,2
2025-10-23T09:56:40.504579,4495.55,9
2025-10-23T09:56:50.504579,4502.81,2
2025-10-23T09:57:00.504579,4502.30,8
2025-10-23T09:57:10.504579,4495.83,7
2025-10-23T09:57:20.504579,4493.58,6
2025-10-23T09:57:30.504579,4502.92,6
2025-10-23T09:57:40.504579,4495.30,1
2025-10-23T09:57:50.504579,4496.50,6
2025-10-23T09:58:00.504579,4497.31,10
2025-10-23T09:58:10.504579,4494.83,4
2025-10-23T09:58:20.504579,4495.55,5
2025-10-23T09:58:30.504579,4502.22,4
2025-10-23T09:58:40.504579,4498.75,9
2025-10-23T09:58:50.504579,4500.64,7
2025-10-23T09:59:00.504579,4495.43,8
2025-10-23T09:59:10.504579,4494.00,5
2025-10-23T09:59:20.504579,4500.74,4
2025-10-23T09:59:30.504579,4499.33,10
2025-10-23T09:59:40.504579,4501.88,7
2025-10-23T09:59:50.504579,4502.97,6
2025-10-23T10:00:00.504579,4501.07,4
2025-10-23T10:00:10.504579,4502.23,7
2025-10-23T10:00:20.504579,4499.86,1
2025-10-23T10:00:30.504579,4497.48,6
2025-10-23T10:00:40.504579,4500.68,10
2025-10-23T10:00:50.504579,4494.41,7
2025-10-23T10:01:00.504579,4495.35,6
2025-10-23T10:01:10.504579,4494.22,8
2025-10-23T10:01:20.504579,4494.72,9
2025-10-23T10:01:30.504579,4498.33,7
2025-10-23T10:01:40.504579,4499.05,10
2025-10-23T10:01:50.504579,4495.11,2
2025-10-23T10:02:00.504579,4497.77,3
2025-10-23T10:02:10.504579,4499.69,3
2025-10-23T10:02:20.504579,4496.16,7
2025-10-23T10:02:30.504579,4495.56,2
2025-10-23T10:02:40.504579,4500.55,3
2025-10-23T10:02:50.504579,4495.02,2
2025-10-23T10:03:00.504579,4496.54,9
2025-10-23T10:03:10.504579,4494.77,6
2025-10-23T10:03:20.504579,4503.53,4
2025-10-23T10:03:30.504579,4497.50,8
2025-10-23T10:03:40.504579,4503.25,5
2025-10-23T10:03:50.504579,4497.65,5
2025-10-23T10:04:00.504579,4503.71,3
2025-10-23T10:04:10.504579,4495.89,10
2025-10-23T10:04:20.504579,4498.70,6
2025-10-23T10:04:30.504579,4503.75,5
2025-10-23T10:04:40.504579,4504.30,4
2025-10-23T10:04:50.504579,4502.32,1
2025-10-23T10:05:00.504579,4498.36,6
2025-10-23T10:05:10.504579,4502.24,6
2025-10-23T10:05:20.504579,4503.44,9
2025-10-23T10:05:30.504579,4506.43,10
2025-10-23T10:05:40.504579,4497.04,7
2025-10-23T10:05:50.504579,4503.15,5
2025-10-23T10:06:00.504579,4500.66,4
2025-10-23T10:06:10.504579,4498.13,6
2025-10-23T10:06:20.504579,4498.16,8
2025-10-23T10:06:30.504579,4498.45,6
2025-10-23T10:06:40.504579,4499.28,4
2025-10-23T10:06:50.504579,4500.38,5
2025-10-23T10:07:00.504579,4498.89,8
2025-10-23T10:07:10.504579,4502.73,5
2025-10-23T10:07:20.504579,4500.00,6
2025-10-23T10:07:30.504579,4503.54,9
2025-10-23T10:07:40.504579,4502.77,2
2025-10-23T10:07:50.504579,4498.78,7
2025-10-23T10:08:00.504579,4505.00,3
2025-10-23T10:08:10.504579,4500.54,1
2025-10-23T10:08:20.504579,4497.86,4
2025-10-23T10:08:30.504579,4495.91,4
2025-10-23T10:08:40.504579,4502.78,1
2025-10-23T10:08:50.504579,4504.39,7
2025-10-23T10:09:00.504579,4500.61,4
2025-10-23T10:09:10.504579,4502.03,8
2025-10-23T10:09:20.504579,4504.56,7
2025-10-23T10:09:30.504579,4500.88,2
2025-10-23T10:09:40.504579,4502.73,3
2025-10-23T10:09:50.504579,4504.48,5
2025-10-23T10:10:00.504579,4496.52,3
2025-10-23T10:10:10.504579,4504.25,10
2025-10-23T10:10:20.504579,4504.04,8
2025-10-23T10:10:30.504579,4504.64,10
2025-10-23T10:10:40.504579,4495.53,8
2025-10-23T10:10:50.504579,4495.22,7
2025-10-23T10:11:00.504579,4498.45,3
2025-10-23T10:11:10.504579,4497.41,4
2025-10-23T10:11:20.504579,4503.08,4
2025-10-23T10:11:30.504579,4496.32,6
2025-10-23T10:11:40.504579,4498.77,6
2025-10-23T10:11:50.504579,4498.73,4
2025-10-23T10:12:00.504579,4500.15,7
2025-10-23T10:12:10.504579,4497.14,6
2025-10-23T10:12:20.504579,4500.21,8
2025-10-23T10:12:30.504579,4504.07,7
2025-10-23T10:12:40.504579,4500.55,2
2025-10-23T10:12:50.504579,4501.98,10
2025-10-23T10:13:00.504579,4496.31,8
2025-10-23T10:13:10.504579,4504.26,2
2025-10-23T10:13:20.504579,4497.09,2
2025-10-23T10:13:30.504579,4504.03,4
2025-10-23T10:13:40.504579,4496.19,4
2025-10-23T10:13:50.504579,4494.89,2
2025-10-23T10:14:00.504579,4499.03,5
2025-10-23T10:14:10.504579,4497.20,4
2025-10-23T10:14:20.504579,4498.79,4
2025-10-23T10:14:30.504579,4501.05,3
2025-10-23T10:14:40.504579,4495.01,7
2025-10-23T10:14:50.504579,4502.60,1
2025-10-23T10:15:00.504579,4500.86,2
2025-10-23T10:15:10.504579,4501.60,6
2025-10-23T10:15:20.504579,4495.42,5
2025-10-23T10:15:30.504579,4495.82,9
2025-10-23T10:15:40.504579,4497.30,8
2025-10-23T10:15:50.504579,4502.44,8
2025-10-23T10:16:00.504579,4495.54,10
2025-10-23T10:16:10.504579,4502.48,5
2025-10-23T10:16:20.504579,4496.60,9
2025-10-23T10:16:30.504579,4499.16,8
2025-10-23T10:16:40.504579,4500.25,4
2025-10-23T10:16:50.504579,4501.98,2
2025-10-23T10:17:00.504579,4501.81,8
2025-10-23T10:17:10.504579,4499.44,7
2025-10-23T10:17:20.504579,4496.83,3
2025-10-23T10:17:30.504579,4504.06,6
2025-10-23T10:17:40.504579,4498.02,3
2025-10-23T10:17:50.504579,4502.84,3
2025-10-23T10:18:00.504579,4500.48,10
2025-10-23T10:18:10.504579,4496.67,2
2025-10-23T10:18:20.504579,4502.86,2
2025-10-23T10:18:30.504579,4495.34,9
2025-10-23T10:18:40.504579,4502.81,9
2025-10-23T10:18:50.504579,4502.53,4
2025-10-23T10:19:00.504579,4504.86,3
2025-10-23T10:19:10.504579,4505.33,6
2025-10-23T10:19:20.504579,4498.83,3
2025-10-23T10:19:30.504579,4501.09,10
2025-10-23T10:19:40.504579,4501.12,9
2025-10-23T10:19:50.504579,4496.36,9
2025-10-23T10:20:00.504579,4497.84,7
2025-10-23T10:20:10.504579,4501.38,3
2025-10-23T10:20:20.504579,4499.11,8
2025-10-23T10:20:30.504579,4499.76,8
2025-10-23T10:20:40.504579,4502.30,9
2025-10-23T10:20:50.504579,4504.83,1
2025-10-23T10:21:00.504579,4501.92,1
2025-10-23T10:21:10.504579,4497.65,3
2025-10-23T10:21:20.504579,4502.58,2
2025-10-23T10:21:30.504579,4503.37,8
2025-10-23T10:21:40.504579,4502.14,4
2025-10-23T10:21:50.504579,4495.99,1
2025-10-23T10:22:00.504579,4502.09,8
2025-10-23T10:22:10.504579,4497.52,4
2025-10-23T10:22:20.504579,4498.05,6
2025-10-23T10:22:30.504579,4500.02,1
2025-10-23T10:22:40.504579,4497.30,7
2025-10-23T10:22:50.504579,4498.75,3
2025-10-23T10:23:00.504579,4495.45,4
2025-10-23T10:23:10.504579,4505.25,4
2025-10-23T10:23:20.504579,4496.82,3
2025-10-23T10:23:30.504579,4497.17,5
2025-10-23T10:23:40.504579,4496.50,10
2025-10-23T10:23:50.504579,4503.25,9
2025-10-23T10:24:00.504579,4495.13,5
2025-10-23T10:24:10.504579,4497.21,1
2025-10-23T10:24:20.504579,4496.39,7
2025-10-23T10:24:30.504579,4498.82,5
2025-10-23T10:24:40.504579,4503.68,10
2025-10-23T10:24:50.504579,4502.36,10
2025-10-23T10:25:00.504579,4499.64,10
2025-10-23T10:25:10.504579,4500.34,10
2025-10-23T10:25:20.504579,4503.41,5
2025-10-23T10:25:30.504579,4499.37,2
2025-10-23T10:25:40.504579,4498.84,4
2025-10-23T10:25:50.504579,4504.01,9
2025-10-23T10:26:00.504579,4499.74,6
2025-10-23T10:26:10.504579,4503.20,10
2025-10-23T10:26:20.504579,4497.02,9
2025-10-23T10:26:30.504579,4501.91,2
2025-10-23T10:26:40.504579,4501.97,7
2025-10-23T10:26:50.504579,4504.17,5
2025-10-23T10:27:00.504579,4502.58,3
2025-10-23T10:27:10.504579,4504.38,3
2025-10-23T10:27:20.504579,4503.22,1
2025-10-23T10:27:30.504579,4505.23,5
2025-10-23T10:27:40.504579,4502.86,9
2025-10-23T10:27:50.504579,4502.90,1
2025-10-23T10:28:00.504579,4500.83,6
2025-10-23T10:28:10.504579,4500.48,6
2025-10-23T10:28:20.504579,4501.14,8
2025-10-23T10:28:30.504579,4500.99,6
2025-10-23T10:28:40.504579,4498.77,10
2025-10-23T10:28:50.504579,4499.52,4
2025-10-23T10:29:00.504579,4501.04,1
2025-10-23T10:29:10.504579,4496.41,9
2025-10-23T10:29:20.504579,4500.14,9
2025-10-23T10:29:30.504579,4505.54,2
2025-10-23T10:29:40.504579,4501.45,10
2025-10-23T10:29:50.504579,4500.26,6
2025-10-23T10:30:00.504579,4497.92,10
2025-10-23T10:30:10.504579,4500.88,3
2025-10-23T10:30:20.504579,4497.79,9
2025-10-23T10:30:30.504579,4504.80,9
2025-10-23T10:30:40.504579,4504.10,3
2025-10-23T10:30:50.504579,4503.77,6
2025-10-23T10:31:00.504579,4498.98,3
2025-10-23T10:31:10.504579,4503.78,1
2025-10-23T10:31:20.504579,4498.00,3
2025-10-23T10:31:30.504579,4506.49,10
2025-10-23T10:31:40.504579,4506.63,6
2025-10-23T10:31:50.504579,4498.13,1
2025-10-23T10:32:00.504579,4504.89,9
2025-10-23T10:32:10.504579,4504.92,5
2025-10-23T10:32:20.504579,4500.99,4
2025-10-23T10:32:30.504579,4506.24,8
2025-10-23T10:32:40.504579,4502.56,1
2025-10-23T10:32:50.504579,4504.76,10
2025-10-23T10:33:00.504579,4498.96,2
2025-10-23T10:33:10.504579,4504.21,1
2025-10-23T10:33:20.504579,4507.03,2
2025-10-23T10:33:30.504579,4501.39,6
2025-10-23T10:33:40.504579,4498.28,5
2025-10-23T10:33:50.504579,4504.93,6
2025-10-23T10:34:00.504579,4506.18,3
2025-10-23T10:34:10.504579,4504.52,2
2025-10-23T10:34:20.504579,4500.62,7
2025-10-23T10:34:30.504579,4500.69,10
2025-10-23T10:34:40.504579,4502.57,2
2025-10-23T10:34:50.504579,4500.48,8
2025-10-23T10:35:00.504579,4501.29,6
2025-10-23T10:35:10.504579,4502.53,3
2025-10-23T10:35:20.504579,4504.61,9
2025-10-23T10:35:30.504579,4502.22,6
2025-10-23T10:35:40.504579,4501.37,5
2025-10-23T10:35:50.504579,4503.73,4
2025-10-23T10:36:00.504579,4501.62,1
2025-10-23T10:36:10.504579,4505.32,8
2025-10-23T10:36:20.504579,4501.86,10
2025-10-23T10:36:30.504579,4503.53,4
2025-10-23T10:36:40.504579,4507.62,10
2025-10-23T10:36:50.504579,4508.86,1
2025-10-23T10:37:00.504579,4505.89,10
2025-10-23T10:37:10.504579,4507.27,5
2025-10-23T10:37:20.504579,4505.43,1
2025-10-23T10:37:30.504579,4501.36,2
2025-10-23T10:37:40.504579,4501.23,10
2025-10-23T10:37:50.504579,4503.27,1
2025-10-23T10:38:00.504579,4508.80,3
2025-10-23T10:38:10.504579,4505.42,6
2025-10-23T10:38:20.504579,4505.94,3
2025-10-23T10:38:30.504579,4503.56,3
2025-10-23T10:38:40.504579,4508.91,4
2025-10-23T10:38:50.504579,4501.27,7
2025-10-23T10:39:00.504579,4500.98,9
2025-10-23T10:39:10.504579,4503.95,9
2025-10-23T10:39:20.504579,4510.10,10
2025-10-23T10:39:30.504579,4502.78,1
2025-10-23T10:39:40.504579,4507.03,5
2025-10-23T10:39:50.504579,4509.98,3
2025-10-23T10:40:00.504579,4507.22,7
2025-10-23T10:40:10.504579,4503.71,6
2025-10-23T10:40:20.504579,4506.26,3
2025-10-23T10:40:30.504579,4506.85,6
2025-10-23T10:40:40.504579,4509.11,8
2025-10-23T10:40:50.504579,4505.01,9
2025-10-23T10:41:00.504579,4510.09,7
2025-10-23T10:41:10.504579,4508.59,3
2025-10-23T10:41:20.504579,4503.31,2
2025-10-23T10:41:30.504579,4500.19,5
2025-10-23T10:41:40.504579,4503.82,8
2025-10-23T10:41:50.504579,4502.43,7
2025-10-23T10:42:00.504579,4506.12,9
2025-10-23T10:42:10.504579,4509.31,3
2025-10-23T10:42:20.504579,4501.34,4
2025-10-23T10:42:30.504579,4507.37,3
2025-10-23T10:42:40.504579,4507.60,2
2025-10-23T10:42:50.504579,4508.29,5
2025-10-23T10:43:00.504579,4505.57,6
2025-10-23T10:43:10.504579,4508.38,3
2025-10-23T10:43:20.504579,4503.66,4
2025-10-23T10:43:30.504579,4503.23,2
2025-10-23T10:43:40.504579,4499.90,8
2025-10-23T10:43:50.504579,4507.63,3
2025-10-23T10:44:00.504579,4503.44,7
2025-10-23T10:44:10.504579,4500.90,1
2025-10-23T10:44:20.504579,4501.07,1
2025-10-23T10:44:30.504579,4508.71,5
2025-10-23T10:44:40.504579,4502.23,6
2025-10-23T10:44:50.504579,4500.67,2
2025-10-23T10:45:00.504579,4503.03,3
2025-10-23T10:45:10.504579,4505.29,1
2025-10-23T10:45:20.504579,4506.19,5
2025-10-23T10:45:30.504579,4499.71,3
2025-10-23T10:45:40.504579,4499.31,5
2025-10-23T10:45:50.504579,4505.89,6
2025-10-23T10:46:00.504579,4506.71,10
2025-10-23T10:46:10.504579,4502.53,5
2025-10-23T10:46:20.504579,4506.44,2
2025-10-23T10:46:30.504579,4503.74,8
2025-10-23T10:46:40.504579,4505.62,3
2025-10-23T10:46:50.504579,4505.72,9
2025-10-23T10:47:00.504579,4503.39,3
2025-10-23T10:47:10.504579,4505.39,1
2025-10-23T10:47:20.504579,4506.33,7
2025-10-23T10:47:30.504579,4506.83,6
2025-10-23T10:47:40.504579,4502.37,5
2025-10-23T10:47:50.504579,4505.87,5
2025-10-23T10:48:00.504579,4501.90,7
2025-10-23T10:48:10.504579,4506.47,9
2025-10-23T10:48:20.504579,4505.47,2
2025-10-23T10:48:30.504579,4498.77,5
2025-10-23T10:48:40.504579,4502.11,6
2025-10-23T10:48:50.504579,4504.56,3
2025-10-23T10:49:00.504579,4499.71,2
2025-10-23T10:49:10.504579,4503.39,3
2025-10-23T10:49:20.504579,4507.11,9
2025-10-23T10:49:30.504579,4502.04,3
2025-10-23T10:49:40.504579,4503.89,10
2025-10-23T10:49:50.504579,4505.07,3
2025-10-23T10:50:00.504579,4500.37,8
2025-10-23T10:50:10.504579,4502.92,10
2025-10-23T10:50:20.504579,4501.66,9
2025-10-23T10:50:30.504579,4504.50,8
2025-10-23T10:50:40.504579,4500.57,2
2025-10-23T10:50:50.504579,4505.33,5
2025-10-23T10:51:00.504579,4506.91,3
2025-10-23T10:51:10.504579,4498.40,5
2025-10-23T10:51:20.504579,4503.91,7
2025-10-23T10:51:30.504579,4505.83,8
2025-10-23T10:51:40.504579,4506.20,7
2025-10-23T10:51:50.504579,4505.92,3
2025-10-23T10:52:00.504579,4508.25,5
2025-10-23T10:52:10.504579,4504.40,10
2025-10-23T10:52:20.504579,4506.84,7
2025-10-23T10:52:30.504579,4503.15,4
2025-10-23T10:52:40.504579,4507.72,5
2025-10-23T10:52:50.504579,4507.85,1
2025-10-23T10:53:00.504579,4505.87,3
2025-10-23T10:53:10.504579,4500.50,4
2025-10-23T10:53:20.504579,4501.49,7
2025-10-23T10:53:30.504579,4507.01,5
2025-10-23T10:53:40.504579,4504.42,3
2025-10-23T10:53:50.504579,4505.37,5
2025-10-23T10:54:00.504579,4499.95,4
2025-10-23T10:54:10.504579,4507.73,8
2025-10-23T10:54:20.504579,4507.78,3
2025-10-23T10:54:30.504579,4500.75,2
2025-10-23T10:54:40.504579,4507.24,9
2025-10-23T10:54:50.504579,4503.66,7
2025-10-23T10:55:00.504579,4504.19,6
2025-10-23T10:55:10.504579,4501.99,8
2025-10-23T10:55:20.504579,4500.37,3
2025-10-23T10:55:30.504579,4503.76,5
2025-10-23T10:55:40.504579,4505.60,1
2025-10-23T10:55:50.504579,4502.49,2
2025-10-23T10:56:00.504579,4498.56,10
2025-10-23T10:56:10.504579,4499.27,9
2025-10-23T10:56:20.504579,4506.26,7
2025-10-23T10:56:30.504579,4501.94,2
2025-10-23T10:56:40.504579,4504.13,2
2025-10-23T10:56:50.504579,4499.98,3
2025-10-23T10:57:00.504579,4499.06,9
2025-10-23T10:57:10.504579,4505.81,1
2025-10-23T10:57:20.504579,4504.38,9
2025-10-23T10:57:30.504579,4500.36,8
2025-10-23T10:57:40.504579,4500.82,10
2025-10-23T10:57:50.504579,4500.29,4
2025-10-23T10:58:00.504579,4499.50,10
2025-10-23T10:58:10.504579,4503.73,5
2025-10-23T10:58:20.504579,4499.44,1
2025-10-23T10:58:30.504579,4503.51,5
2025-10-23T10:58:40.504579,4497.34,10
2025-10-23T10:58:50.504579,4502.65,7
2025-10-23T10:59:00.504579,4497.58,6
2025-10-23T10:59:10.504579,4502.55,2
2025-10-23T10:59:20.504579,4496.55,2
2025-10-23T10:59:30.504579,4497.08,3
2025-10-23T10:59:40.504579,4498.07,10
2025-10-23T10:59:50.504579,4497.61,6
2025-10-23T11:00:00.504579,4496.48,3
2025-10-23T11:00:10.504579,4499.12,5
2025-10-23T11:00:20.504579,4503.83,10
2025-10-23T11:00:30.504579,4499.28,9
2025-10-23T11:00:40.504579,4498.41,3
2025-10-23T11:00:50.504579,4501.51,2
2025-10-23T11:01:00.504579,4501.27,9
2025-10-23T11:01:10.504579,4499.98,5
2025-10-23T11:01:20.504579,4503.17,2
2025-10-23T11:01:30.504579,4502.76,6
2025-10-23T11:01:40.504579,4505.21,2
2025-10-23T11:01:50.504579,4500.45,3
2025-10-23T11:02:00.504579,4503.65,7
2025-10-23T11:02:10.504579,4500.11,7
2025-10-23T11:02:20.504579,4501.04,5
2025-10-23T11:02:30.504579,4498.27,2
2025-10-23T11:02:40.504579,4505.70,3
2025-10-23T11:02:50.504579,4498.26,6
2025-10-23T11:03:00.504579,4501.76,7
2025-10-23T11:03:10.504579,4501.15,6
2025-10-23T11:03:20.504579,4504.06,5
2025-10-23T11:03:30.504579,4504.60,4
2025-10-23T11:03:40.504579,4502.32,6
2025-10-23T11:03:50.504579,4506.15,7
2025-10-23T11:04:00.504579,4501.00,9
2025-10-23T11:04:10.504579,4503.34,10
2025-10-23T11:04:20.504579,4501.15,5
2025-10-23T11:04:30.504579,4503.25,7
2025-10-23T11:04:40.504579,4498.62,1
2025-10-23T11:04:50.504579,4505.52,3
2025-10-23T11:05:00.504579,4503.78,10
2025-10-23T11:05:10.504579,4503.65,9
2025-10-23T11:05:20.504579,4505.10,9
2025-10-23T11:05:30.504579,4502.50,8
2025-10-23T11:05:40.504579,4502.17,5
2025-10-23T11:05:50.504579,4499.19,2
2025-10-23T11:06:00.504579,4497.35,9
2025-10-23T11:06:10.504579,4506.12,3
2025-10-23T11:06:20.504579,4503.57,3
2025-10-23T11:06:30.504579,4500.26,5
2025-10-23T11:06:40.504579,4498.17,2
2025-10-23T11:06:50.504579,4500.65,10
2025-10-23T11:07:00.504579,4497.51,2
2025-10-23T11:07:10.504579,4507.12,4
2025-10-23T11:07:20.504579,4502.23,7
2025-10-23T11:07:30.504579,4506.23,2
2025-10-23T11:07:40.504579,4500.83,8
2025-10-23T11:07:50.504579,4501.71,1
2025-10-23T11:08:00.504579,4506.98,7
2025-10-23T11:08:10.504579,4507.68,2
2025-10-23T11:08:20.504579,4506.63,3
2025-10-23T11:08:30.504579,4505.64,1
2025-10-23T11:08:40.504579,4503.87,7
2025-10-23T11:08:50.504579,4499.30,10
2025-10-23T11:09:00.504579,4505.27,7
2025-10-23T11:09:10.504579,4503.33,7
2025-10-23T11:09:20.504579,4501.09,6
2025-10-23T11:09:30.504579,4497.13,1
2025-10-23T11:09:40.504579,4501.12,3
2025-10-23T11:09:50.504579,4505.28,3
2025-10-23T11:10:00.504579,4500.33,3
2025-10-23T11:10:10.504579,4500.45,8
2025-10-23T11:10:20.504579,4502.03,10
2025-10-23T11:10:30.504579,4496.58,2
2025-10-23T11:10:40.504579,4504.70,4
2025-10-23T11:10:50.504579,4504.77,7
2025-10-23T11:11:00.504579,4505.14,10
2025-10-23T11:11:10.504579,4502.66,4
2025-10-23T11:11:20.504579,4504.53,2
2025-10-23T11:11:30.504579,4504.69,6
2025-10-23T11:11:40.504579,4504.23,9
2025-10-23T11:11:50.504579,4497.77,3
2025-10-23T11:12:00.504579,4504.61,7
2025-10-23T11:12:10.504579,4498.74,4
2025-10-23T11:12:20.504579,4506.18,4
2025-10-23T11:12:30.504579,4499.67,4
2025-10-23T11:12:40.504579,4504.66,4
2025-10-23T11:12:50.504579,4497.73,2
2025-10-23T11:13:00.504579,4500.93,4
2025-10-23T11:13:10.504579,4503.98,8
2025-10-23T11:13:20.504579,4501.10,4
2025-10-23T11:13:30.504579,4503.56,1
2025-10-23T11:13:40.504579,4503.19,9
2025-10-23T11:13:50.504579,4500.10,10
2025-10-23T11:14:00.504579,4504.04,5
2025-10-23T11:14:10.504579,4495.74,4
2025-10-23T11:14:20.504579,4505.01,3
2025-10-23T11:14:30.504579,4497.14,2
2025-10-23T11:14:40.504579,4501.20,10
2025-10-23T11:14:50.504579,4498.33,1
2025-10-23T11:15:00.504579,4494.90,4
2025-10-23T11:15:10.504579,4502.49,4
2025-10-23T11:15:20.504579,4502.95,4
2025-10-23T11:15:30.504579,4497.74,10
2025-10-23T11:15:40.504579,4500.67,9
2025-10-23T11:15:50.504579,4503.97,3
2025-10-23T11:16:00.504579,4496.00,10
2025-10-23T11:16:10.504579,4496.26,3
2025-10-23T11:16:20.504579,4501.75,7
2025-10-23T11:16:30.504579,4495.98,6
2025-10-23T11:16:40.504579,4500.85,5
2025-10-23T11:16:50.504579,4499.26,10
2025-10-23T11:17:00.504579,4503.21,4
2025-10-23T11:17:10.504579,4495.49,5
2025-10-23T11:17:20.504579,4504.19,3
2025-10-23T11:17:30.504579,4503.91,3
2025-10-23T11:17:40.504579,4501.91,4
2025-10-23T11:17:50.504579,4501.27,1
2025-10-23T11:18:00.504579,4495.45,3
2025-10-23T11:18:10.504579,4504.25,10
2025-10-23T11:18:20.504579,4504.08,6
2025-10-23T11:18:30.504579,4498.20,3
2025-10-23T11:18:40.504579,4503.20,6
2025-10-23T11:18:50.504579,4498.49,10
2025-10-23T11:19:00.504579,4505.01,5
2025-10-23T11:19:10.504579,4499.11,3
2025-10-23T11:19:20.504579,4501.73,4
2025-10-23T11:19:30.504579,4499.57,2
2025-10-23T11:19:40.504579,4502.07,7
2025-10-23T11:19:50.504579,4497.61,5
2025-10-23T11:20:00.504579,4499.74,7
2025-10-23T11:20:10.504579,4501.16,5
2025-10-23T11:20:20.504579,4502.65,2
2025-10-23T11:20:30.504579,4497.77,9
2025-10-23T11:20:40.504579,4497.95,4
2025-10-23T11:20:50.504579,4495.82,7
2025-10-23T11:21:00.504579,4503.09,1
2025-10-23T11:21:10.504579,4498.43,2
2025-10-23T11:21:20.504579,4504.69,2
2025-10-23T11:21:30.504579,4501.15,8
2025-10-23T11:21:40.504579,4498.19,1
2025-10-23T11:21:50.504579,4503.82,6
2025-10-23T11:22:00.504579,4501.75,4
2025-10-23T11:22:10.504579,4496.67,5
2025-10-23T11:22:20.504579,4497.65,4
2025-10-23T11:22:30.504579,4498.98,4
2025-10-23T11:22:40.504579,4496.78,7
2025-10-23T11:22:50.504579,4495.88,1
2025-10-23T11:23:00.504579,4501.96,3
2025-10-23T11:23:10.504579,4495.56,8
2025-10-23T11:23:20.504579,4496.13,1
2025-10-23T11:23:30.504579,4500.58,4
2025-10-23T11:23:40.504579,4501.24,1
2025-10-23T11:23:50.504579,4503.98,9
2025-10-23T11:24:00.504579,4498.77,2
2025-10-23T11:24:10.504579,4499.75,1
2025-10-23T11:24:20.504579,4503.09,10
2025-10-23T11:24:30.504579,4501.93,1
2025-10-23T11:24:40.504579,4497.03,3
2025-10-23T11:24:50.504579,4503.40,2
2025-10-23T11:25:00.504579,4502.26,4
2025-10-23T11:25:10.504579,4499.45,1
2025-10-23T11:25:20.504579,4505.46,7
2025-10-23T11:25:30.504579,4496.59,4
2025-10-23T11:25:40.504579,4500.59,4
2025-10-23T11:25:50.504579,4502.72,7
2025-10-23T11:26:00.504579,4504.21,9
2025-10-23T11:26:10.504579,4504.92,1
2025-10-23T11:26:20.504579,4504.24,8
2025-10-23T11:26:30.504579,4498.98,1
2025-10-23T11:26:40.504579,4496.31,8
2025-10-23T11:26:50.504579,4502.53,6
2025-10-23T11:27:00.504579,4504.47,7
2025-10-23T11:27:10.504579,4497.06,5
2025-10-23T11:27:20.504579,4497.87,8
2025-10-23T11:27:30.504579,4503.15,8
2025-10-23T11:27:40.504579,4505.28,3
2025-10-23T11:27:50.504579,4498.14,5
2025-10-23T11:28:00.504579,4501.97,1
2025-10-23T11:28:10.504579,4496.70,5
2025-10-23T11:28:20.504579,4498.69,4
2025-10-23T11:28:30.504579,4503.21,5
2025-10-23T11:28:40.504579,4501.77,10
2025-10-23T11:28:50.504579,4503.65,3
2025-10-23T11:29:00.504579,4502.90,6
2025-10-23T11:29:10.504579,4505.42,9
2025-10-23T11:29:20.504579,4500.59,9
2025-10-23T11:29:30.504579,4503.19,9
2025-10-23T11:29:40.504579,4499.86,10
2025-10-23T11:29:50.504579,4500.44,8
2025-10-23T11:30:00.504579,4497.94,4
2025-10-23T11:30:10.504579,4499.19,7
2025-10-23T11:30:20.504579,4505.41,2
2025-10-23T11:30:30.504579,4498.53,8
2025-10-23T11:30:40.504579,4497.29,2
2025-10-23T11:30:50.504579,4502.16,6
2025-10-23T11:31:00.504579,4497.00,9
2025-10-23T11:31:10.504579,4504.06,4
2025-10-23T11:31:20.504579,4501.94,6
2025-10-23T11:31:30.504579,4504.45,2
2025-10-23T11:31:40.504579,4502.43,1
2025-10-23T11:31:50.504579,4500.26,5
2025-10-23T11:32:00.504579,4500.83,7
2025-10-23T11:32:10.504579,4503.40,6
2025-10-23T11:32:20.504579,4494.58,6
2025-10-23T11:32:30.504579,4497.55,5
2025-10-23T11:32:40.504579,4500.64,1
2025-10-23T11:32:50.504579,4496.43,1
2025-10-23T11:33:00.504579,4503.58,6
2025-10-23T11:33:10.504579,4497.82,3
2025-10-23T11:33:20.504579,4496.74,7
2025-10-23T11:33:30.504579,4497.27,5
2025-10-23T11:33:40.504579,4499.64,4
2025-10-23T11:33:50.504579,4496.05,8
2025-10-23T11:34:00.504579,4500.86,9
2025-10-23T11:34:10.504579,4498.08,6
2025-10-23T11:34:20.504579,4502.73,9
2025-10-23T11:34:30.504579,4502.44,9
2025-10-23T11:34:40.504579,4501.65,3
2025-10-23T11:34:50.504579,4504.21,3
2025-10-23T11:35:00.504579,4496.94,4
2025-10-23T11:35:10.504579,4499.39,1
2025-10-23T11:35:20.504579,4498.32,2
2025-10-23T11:35:30.504579,4500.55,1
2025-10-23T11:35:40.504579,4504.20,10
2025-10-23T11:35:50.504579,4499.57,6
2025-10-23T11:36:00.504579,4498.18,4
2025-10-23T11:36:10.504579,4504.98,4
2025-10-23T11:36:20.504579,4501.40,2
2025-10-23T11:36:30.504579,4502.70,4
2025-10-23T11:36:40.504579,4496.84,3
2025-10-23T11:36:50.504579,4504.62,10
2025-10-23T11:37:00.504579,4502.60,4
2025-10-23T11:37:10.504579,4499.51,2
2025-10-23T11:37:20.504579,4504.47,8
2025-10-23T11:37:30.504579,4500.31,6
2025-10-23T11:37:40.504579,4498.66,9
2025-10-23T11:37:50.504579,4502.42,4
2025-10-23T11:38:00.504579,4503.14,10
2025-10-23T11:38:10.504579,4500.57,8
2025-10-23T11:38:20.504579,4505.23,2
2025-10-23T11:38:30.504579,4497.60,9
2025-10-23T11:38:40.504579,4499.23,7
2025-10-23T11:38:50.504579,4498.62,9
2025-10-23T11:39:00.504579,4504.75,8
2025-10-23T11:39:10.504579,4501.54,2
2025-10-23T11:39:20.504579,4506.80,4
2025-10-23T11:39:30.504579,4501.19,5
2025-10-23T11:39:40.504579,4502.81,8
2025-10-23T11:39:50.504579,4500.25,6
2025-10-23T11:40:00.504579,4502.25,2
2025-10-23T11:40:10.504579,4497.06,9
2025-10-23T11:40:20.504579,4501.45,5
2025-10-23T11:40:30.504579,4499.16,3
2025-10-23T11:40:40.504579,4505.19,8
2025-10-23T11:40:50.504579,4504.20,7
2025-10-23T11:41:00.504579,4500.07,4
2025-10-23T11:41:10.504579,4502.98,10
2025-10-23T11:41:20.504579,4503.53,8
2025-10-23T11:41:30.504579,4504.80,1
2025-10-23T11:41:40.504579,4505.63,7
2025-10-23T11:41:50.504579,4499.35,5
2025-10-23T11:42:00.504579,4501.53,3
2025-10-23T11:42:10.504579,4503.89,1
2025-10-23T11:42:20.504579,4502.84,1
2025-10-23T11:42:30.504579,4502.70,1
2025-10-23T11:42:40.504579,4504.15,8
2025-10-23T11:42:50.504579,4495.87,2
2025-10-23T11:43:00.504579,4496.13,2
2025-10-23T11:43:10.504579,4502.47,7
2025-10-23T11:43:20.504579,4501.69,9
2025-10-23T11:43:30.504579,4504.48,1
2025-10-23T11:43:40.504579,4497.40,5
2025-10-23T11:43:50.504579,4497.22,10
2025-10-23T11:44:00.504579,4495.83,5
2025-10-23T11:44:10.504579,4501.36,6
2025-10-23T11:44:20.504579,4496.49,6
2025-10-23T11:44:30.504579,4496.71,6
2025-10-23T11:44:40.504579,4495.46,6
2025-10-23T11:44:50.504579,4498.96,10
2025-10-23T11:45:00.504579,4502.97,3
2025-10-23T11:45:10.504579,4498.34,7
2025-10-23T11:45:20.504579,4495.14,3
2025-10-23T11:45:30.504579,4498.00,2
2025-10-23T11:45:40.504579,4498.02,10
2025-10-23T11:45:50.504579,4502.32,3
2025-10-23T11:46:00.504579,4494.79,2
2025-10-23T11:46:10.504579,4494.40,6
2025-10-23T11:46:20.504579,4503.34,8
2025-10-23T11:46:30.504579,4496.61,7
2025-10-23T11:46:40.504579,4496.37,9
2025-10-23T11:46:50.504579,4499.52,9
2025-10-23T11:47:00.504579,4499.41,7
2025-10-23T11:47:10.504579,4494.60,2
2025-10-23T11:47:20.504579,4502.24,9
2025-10-23T11:47:30.504579,4495.93,8
2025-10-23T11:47:40.504579,4503.26,7
2025-10-23T11:47:50.504579,4496.40,10
2025-10-23T11:48:00.504579,4493.79,3
2025-10-23T11:48:10.504579,4503.63,6
2025-10-23T11:48:20.504579,4496.80,7
2025-10-23T11:48:30.504579,4496.78,9
2025-10-23T11:48:40.504579,4494.41,3
2025-10-23T11:48:50.504579,4495.42,3
2025-10-23T11:49:00.504579,4498.16,2
2025-10-23T11:49:10.504579,4502.62,6
2025-10-23T11:49:20.504579,4498.95,5
2025-10-23T11:49:30.504579,4501.38,7
2025-10-23T11:49:40.504579,4496.01,8
2025-10-23T11:49:50.504579,4501.99,4
2025-10-23T11:50:00.504579,4495.14,6
2025-10-23T11:50:10.504579,4498.65,7
2025-10-23T11:50:20.504579,4496.41,8
2025-10-23T11:50:30.504579,4499.24,6
2025-10-23T11:50:40.504579,4500.77,8
2025-10-23T11:50:50.504579,4494.90,6
2025-10-23T11:51:00.504579,4500.43,4
2025-10-23T11:51:10.504579,4497.33,2
2025-10-23T11:51:20.504579,4493.85,5
2025-10-23T11:51:30.504579,4493.48,5
2025-10-23T11:51:40.504579,4496.61,10
2025-10-23T11:51:50.504579,4497.41,7
2025-10-23T11:52:00.504579,4501.96,7
2025-10-23T11:52:10.504579,4494.72,7
2025-10-23T11:52:20.504579,4500.07,3
2025-10-23T11:52:30.504579,4495.53,7
2025-10-23T11:52:40.504579,4501.91,2
2025-10-23T11:52:50.504579,4500.49,7
2025-10-23T11:53:00.504579,4502.25,10
2025-10-23T11:53:10.504579,4501.92,3
2025-10-23T11:53:20.504579,4496.94,8
2025-10-23T11:53:30.504579,4496.60,1
2025-10-23T11:53:40.504579,4501.79,7
2025-10-23T11:53:50.504579,4501.65,3
2025-10-23T11:54:00.504579,4502.81,7
2025-10-23T11:54:10.504579,4493.72,4
2025-10-23T11:54:20.504579,4496.29,4
2025-10-23T11:54:30.504579,4501.24,3
2025-10-23T11:54:40.504579,4501.16,1
2025-10-23T11:54:50.504579,4499.79,3
2025-10-23T11:55:00.504579,4497.95,6
2025-10-23T11:55:10.504579,4499.38,5
2025-10-23T11:55:20.504579,4498.99,5
2025-10-23T11:55:30.504579,4499.65,10
2025-10-23T11:55:40.504579,4500.24,3
2025-10-23T11:55:50.504579,4495.62,2
2025-10-23T11:56:00.504579,4494.18,3
2025-10-23T11:56:10.504579,4495.48,5
2025-10-23T11:56:20.504579,4497.70,8
2025-10-23T11:56:30.504579,4501.15,6
2025-10-23T11:56:40.504579,4495.50,9
2025-10-23T11:56:50.504579,4499.78,5
2025-10-23T11:57:00.504579,4501.22,7
2025-10-23T11:57:10.504579,4496.36,8
2025-10-23T11:57:20.504579,4496.31,9
2025-10-23T11:57:30.504579,4499.67,5
2025-10-23T11:57:40.504579,4499.44,8
2025-10-23T11:57:50.504579,4500.71,9
2025-10-23T11:58:00.504579,4499.46,4
2025-10-23T11:58:10.504579,4494.24,8
2025-10-23T11:58:20.504579,4496.44,10
2025-10-23T11:58:30.504579,4494.32,4
2025-10-23T11:58:40.504579,4501.54,1
2025-10-23T11:58:50.504579,4498.75,3
2025-10-23T11:59:00.504579,4495.57,2
2025-10-23T11:59:10.504579,4502.32,9
2025-10-23T11:59:20.504579,4496.57,6
2025-10-23T11:59:30.504579,4498.47,6
2025-10-23T11:59:40.504579,4502.54,5
2025-10-23T11:59:50.504579,4504.69,5
2025-10-23T12:00:00.504579,4504.96,1
2025-10-23T12:00:10.504579,4502.40,2
2025-10-23T12:00:20.504579,4503.01,1
2025-10-23T12:00:30.504579,4498.63,4
2025-10-23T12:00:40.504579,4496.80,8
2025-10-23T12:00:50.504579,4497.08,5
2025-10-23T12:01:00.504579,4502.04,6
2025-10-23T12:01:10.504579,4496.44,10
2025-10-23T12:01:20.504579,4499.93,3
2025-10-23T12:01:30.504579,4496.78,5
2025-10-23T12:01:40.504579,4498.79,6
2025-10-23T12:01:50.504579,4497.82,2
2025-10-23T12:02:00.504579,4496.47,7
2025-10-23T12:02:10.504579,4504.25,3
2025-10-23T12:02:20.504579,4506.12,3
2025-10-23T12:02:30.504579,4498.11,3
2025-10-23T12:02:40.504579,4498.86,7
2025-10-23T12:02:50.504579,4500.53,3
2025-10-23T12:03:00.504579,4501.30,7
2025-10-23T12:03:10.504579,4497.22,9
2025-10-23T12:03:20.504579,4498.32,3
2025-10-23T12:03:30.504579,4497.10,1
2025-10-23T12:03:40.504579,4504.25,6
2025-10-23T12:03:50.504579,4501.61,4
2025-10-23T12:04:00.504579,4497.42,8
2025-10-23T12:04:10.504579,4505.68,3
2025-10-23T12:04:20.504579,4501.19,1
2025-10-23T12:04:30.504579,4501.10,3
2025-10-23T12:04:40.504579,4502.74,4
2025-10-23T12:04:50.504579,4497.93,5
2025-10-23T12:05:00.504579,4500.88,4
2025-10-23T12:05:10.504579,4498.07,4
2025-10-23T12:05:20.504579,4495.78,10
2025-10-23T12:05:30.504579,4500.21,9
2025-10-23T12:05:40.504579,4502.47,2
2025-10-23T12:05:50.504579,4501.77,2
2025-10-23T12:06:00.504579,4497.98,4
2025-10-23T12:06:10.504579,4504.55,7
2025-10-23T12:06:20.504579,4498.24,3
2025-10-23T12:06:30.504579,4504.74,2
2025-10-23T12:06:40.504579,4503.24,10
2025-10-23T12:06:50.504579,4499.07,4
2025-10-23T12:07:00.504579,4502.25,2
2025-10-23T12:07:10.504579,4503.83,7
2025-10-23T12:07:20.504579,4500.59,5
2025-10-23T12:07:30.504579,4504.44,7
2025-10-23T12:07:40.504579,4505.19,10
2025-10-23T12:07:50.504579,4499.33,9
2025-10-23T12:08:00.504579,4504.94,10
2025-10-23T12:08:10.504579,4501.20,4
2025-10-23T12:08:20.504579,4499.37,7
2025-10-23T12:08:30.504579,4498.83,1
2025-10-23T12:08:40.504579,4503.63,5
2025-10-23T12:08:50.504579,4500.73,10
2025-10-23T12:09:00.504579,4502.67,5
2025-10-23T12:09:10.504579,4507.55,8
2025-10-23T12:09:20.504579,4499.96,6
2025-10-23T12:09:30.504579,4502.36,6
2025-10-23T12:09:40.504579,4500.97,10
2025-10-23T12:09:50.504579,4500.79,6
2025-10-23T12:10:00.504579,4502.76,4
2025-10-23T12:10:10.504579,4506.24,6
2025-10-23T12:10:20.504579,4499.98,4
2025-10-23T12:10:30.504579,4503.73,5
2025-10-23T12:10:40.504579,4505.84,3
2025-10-23T12:10:50.504579,4501.74,2
2025-10-23T12:11:00.504579,4502.47,2
2025-10-23T12:11:10.504579,4503.05,9
2025-10-23T12:11:20.504579,4507.05,7
2025-10-23T12:11:30.504579,4499.74,4
2025-10-23T12:11:40.504579,4502.01,7
2025-10-23T12:11:50.504579,4503.82,3
2025-10-23T12:12:00.504579,4497.81,10
2025-10-23T12:12:10.504579,4502.53,5
2025-10-23T12:12:20.504579,4501.96,5
2025-10-23T12:12:30.504579,4502.92,2
2025-10-23T12:12:40.504579,4505.94,6
2025-10-23T12:12:50.504579,4504.73,5
2025-10-23T12:13:00.504579,4498.94,10
2025-10-23T12:13:10.504579,4506.97,7
2025-10-23T12:13:20.504579,4499.66,5
2025-10-23T12:13:30.504579,4502.75,9
2025-10-23T12:13:40.504579,4499.39,8
2025-10-23T12:13:50.504579,4502.14,1
2025-10-23T12:14:00.504579,4505.74,10
2025-10-23T12:14:10.504579,4505.94,7
2025-10-23T12:14:20.504579,4499.25,8
2025-10-23T12:14:30.504579,4507.80,2
2025-10-23T12:14:40.504579,4505.38,4
2025-10-23T12:14:50.504579,4501.80,6
2025-10-23T12:15:00.504579,4500.41,9
2025-10-23T12:15:10.504579,4500.65,5
2025-10-23T12:15:20.504579,4501.24,5
2025-10-23T12:15:30.504579,4503.59,6
2025-10-23T12:15:40.504579,4499.20,3
2025-10-23T12:15:50.504579,4506.32,2
2025-10-23T12:16:00.504579,4497.30,3
2025-10-23T12:16:10.504579,4498.88,5
2025-10-23T12:16:20.504579,4504.24,4
2025-10-23T12:16:30.504579,4502.79,5
2025-10-23T12:16:40.504579,4500.43,10
2025-10-23T12:16:50.504579,4497.92,5
2025-10-23T12:17:00.504579,4500.16,10
2025-10-23T12:17:10.504579,4499.79,3
2025-10-23T12:17:20.504579,4502.41,6
2025-10-23T12:17:30.504579,4505.49,8
2025-10-23T12:17:40.504579,4503.25,3
2025-10-23T12:17:50.504579,4505.46,4
2025-10-23T12:18:00.504579,4506.04,5
2025-10-23T12:18:10.504579,4499.86,1
2025-10-23T12:18:20.504579,4502.09,4
2025-10-23T12:18:30.504579,4498.05,7
2025-10-23T12:18:40.504579,4502.21,4
2025-10-23T12:18:50.504579,4506.31,2
2025-10-23T12:19:00.504579,4505.52,2
2025-10-23T12:19:10.504579,4499.57,9
2025-10-23T12:19:20.504579,4507.18,9
2025-10-23T12:19:30.504579,4507.25,7
2025-10-23T12:19:40.504579,4502.17,4
2025-10-23T12:19:50.504579,4500.47,9
2025-10-23T12:20:00.504579,4502.46,4
2025-10-23T12:20:10.504579,4505.95,5
2025-10-23T12:20:20.504579,4504.63,4
2025-10-23T12:20:30.504579,4506.27,3
2025-10-23T12:20:40.504579,4504.85,7
2025-10-23T12:20:50.504579,4502.76,1
2025-10-23T12:21:00.504579,4505.68,3
2025-10-23T12:21:10.504579,4505.51,6
2025-10-23T12:21:20.504579,4500.99,6
2025-10-23T12:21:30.504579,4507.78,8
2025-10-23T12:21:40.504579,4500.04,6
2025-10-23T12:21:50.504579,4506.40,5
2025-10-23T12:22:00.504579,4501.36,1
2025-10-23T12:22:10.504579,4499.08,7
2025-10-23T12:22:20.504579,4504.59,2
2025-10-23T12:22:30.504579,4506.79,7
2025-10-23T12:22:40.504579,4502.20,10
2025-10-23T12:22:50.504579,4502.43,4
2025-10-23T12:23:00.504579,4503.87,4
2025-10-23T12:23:10.504579,4501.53,3
2025-10-23T12:23:20.504579,4503.67,1
2025-10-23T12:23:30.504579,4501.51,7
2025-10-23T12:23:40.504579,4505.18,10
2025-10-23T12:23:50.504579,4501.81,10
2025-10-23T12:24:00.504579,4507.11,3
2025-10-23T12:24:10.504579,4504.39,3
2025-10-23T12:24:20.504579,4504.36,7
2025-10-23T12:24:30.504579,4506.84,4
2025-10-23T12:24:40.504579,4508.28,9
2025-10-23T12:24:50.504579,4507.89,5
2025-10-23T12:25:00.504579,4508.58,9
2025-10-23T12:25:10.504579,4502.72,10
2025-10-23T12:25:20.504579,4504.07,10
2025-10-23T12:25:30.504579,4507.46,5
2025-10-23T12:25:40.504579,4508.52,6
2025-10-23T12:25:50.504579,4504.01,1
2025-10-23T12:26:00.504579,4506.16,8
2025-10-23T12:26:10.504579,4505.62,4
2025-10-23T12:26:20.504579,4507.90,2
2025-10-23T12:26:30.504579,4508.39,9
2025-10-23T12:26:40.504579,4501.94,4
2025-10-23T12:26:50.504579,4504.96,5
2025-10-23T12:27:00.504579,4505.69,6
2025-10-23T12:27:10.504579,4507.24,6
2025-10-23T12:27:20.504579,4500.63,4
2025-10-23T12:27:30.504579,4501.70,9
2025-10-23T12:27:40.504579,4500.27,7
2025-10-23T12:27:50.504579,4498.15,5
2025-10-23T12:28:00.504579,4503.87,3
2025-10-23T12:28:10.504579,4503.25,2
2025-10-23T12:28:20.504579,4507.92,1
2025-10-23T12:28:30.504579,4505.82,10
2025-10-23T12:28:40.504579,4500.17,4
2025-10-23T12:28:50.504579,4504.65,2
2025-10-23T12:29:00.504579,4506.80,7
2025-10-23T12:29:10.504579,4505.99,6
2025-10-23T12:29:20.504579,4506.65,3
2025-10-23T12:29:30.504579,4502.53,9
2025-10-23T12:29:40.504579,4506.98,10
2025-10-23T12:29:50.504579,4506.70,8
2025-10-23T12:30:00.504579,4499.32,10
2025-10-23T12:30:10.504579,4507.70,1
2025-10-23T12:30:20.504579,4506.37,7
2025-10-23T12:30:30.504579,4498.09,6
2025-10-23T12:30:40.504579,4506.53,8
2025-10-23T12:30:50.504579,4502.96,7
2025-10-23T12:31:00.504579,4503.92,6
2025-10-23T12:31:10.504579,4498.22,3
2025-10-23T12:31:20.504579,4504.52,3
2025-10-23T12:31:30.504579,4504.89,6
2025-10-23T12:31:40.504579,4506.62,4
2025-10-23T12:31:50.504579,4497.60,7
2025-10-23T12:32:00.504579,4504.65,3
2025-10-23T12:32:10.504579,4498.59,1
2025-10-23T12:32:20.504579,4498.77,4
2025-10-23T12:32:30.504579,4501.44,6
2025-10-23T12:32:40.504579,4501.36,7
2025-10-23T12:32:50.504579,4505.68,8
2025-10-23T12:33:00.504579,4505.62,6
2025-10-23T12:33:10.504579,4502.19,9
2025-10-23T12:33:20.504579,4504.67,7
2025-10-23T12:33:30.504579,4499.09,2
2025-10-23T12:33:40.504579,4505.81,3
2025-10-23T12:33:50.504579,4499.82,6
2025-10-23T12:34:00.504579,4497.97,9
2025-10-23T12:34:10.504579,4505.05,2
2025-10-23T12:34:20.504579,4503.22,3
2025-10-23T12:34:30.504579,4500.37,5
2025-10-23T12:34:40.504579,4501.50,6
2025-10-23T12:34:50.504579,4506.21,3
2025-10-23T12:35:00.504579,4505.79,6
2025-10-23T12:35:10.504579,4502.18,2
2025-10-23T12:35:20.504579,4506.27,2
2025-10-23T12:35:30.504579,4498.62,8
2025-10-23T12:35:40.504579,4502.53,7
2025-10-23T12:35:50.504579,4500.57,6
2025-10-23T12:36:00.504579,4499.46,4
2025-10-23T12:36:10.504579,4499.72,1
2025-10-23T12:36:20.504579,4503.86,10
2025-10-23T12:36:30.504579,4501.40,4
2025-10-23T12:36:40.504579,4505.73,1
2025-10-23T12:36:50.504579,4504.63,3
2025-10-23T12:37:00.504579,4504.37,7
2025-10-23T12:37:10.504579,4503.06,10
2025-10-23T12:37:20.504579,4506.80,7
2025-10-23T12:37:30.504579,4500.22,8
2025-10-23T12:37:40.504579,4498.61,7
2025-10-23T12:37:50.504579,4499.63,8
2025-10-23T12:38:00.504579,4502.05,10
2025-10-23T12:38:10.504579,4500.26,1
2025-10-23T12:38:20.504579,4499.00,3
2025-10-23T12:38:30.504579,4502.65,2
2025-10-23T12:38:40.504579,4506.28,1
2025-10-23T12:38:50.504579,4506.19,7
2025-10-23T12:39:00.504579,4499.18,10
2025-10-23T12:39:10.504579,4497.91,5
2025-10-23T12:39:20.504579,4506.17,1
2025-10-23T12:39:30.504579,4505.86,6
2025-10-23T12:39:40.504579,4505.03,6
2025-10-23T12:39:50.504579,4504.74,10
2025-10-23T12:40:00.504579,4497.47,6
2025-10-23T12:40:10.504579,4498.85,5
2025-10-23T12:40:20.504579,4506.81,7
2025-10-23T12:40:30.504579,4504.53,2
2025-10-23T12:40:40.504579,4505.08,3
2025-10-23T12:40:50.504579,4504.56,4
2025-10-23T12:41:00.504579,4499.17,4
2025-10-23T12:41:10.504579,4505.50,4
2025-10-23T12:41:20.504579,4502.38,5
2025-10-23T12:41:30.504579,4498.91,2
2025-10-23T12:41:40.504579,4505.15,1
2025-10-23T12:41:50.504579,4505.77,3
2025-10-23T12:42:00.504579,4501.28,8
2025-10-23T12:42:10.504579,4497.56,6
2025-10-23T12:42:20.504579,4497.19,2
2025-10-23T12:42:30.504579,4500.41,8
2025-10-23T12:42:40.504579,4497.54,2
2025-10-23T12:42:50.504579,4503.76,6
2025-10-23T12:43:00.504579,4505.18,6
2025-10-23T12:43:10.504579,4503.29,10
2025-10-23T12:43:20.504579,4505.82,1
2025-10-23T12:43:30.504579,4504.71,6
2025-10-23T12:43:40.504579,4503.62,6
2025-10-23T12:43:50.504579,4504.74,6
2025-10-23T12:44:00.504579,4505.08,3
2025-10-23T12:44:10.504579,4496.51,1
2025-10-23T12:44:20.504579,4502.43,4
2025-10-23T12:44:30.504579,4497.81,5
2025-10-23T12:44:40.504579,4504.49,6
2025-10-23T12:44:50.504579,4496.20,9
2025-10-23T12:45:00.504579,4505.77,2
2025-10-23T12:45:10.504579,4501.00,8
2025-10-23T12:45:20.504579,4506.04,8
2025-10-23T12:45:30.504579,4503.02,8
2025-10-23T12:45:40.504579,4501.86,6
2025-10-23T12:45:50.504579,4501.72,1
2025-10-23T12:46:00.504579,4499.05,6
2025-10-23T12:46:10.504579,4501.19,6
2025-10-23T12:46:20.504579,4500.03,10
2025-10-23T12:46:30.504579,4500.63,6
2025-10-23T12:46:40.504579,4501.51,9
2025-10-23T12:46:50.504579,4498.40,9
2025-10-23T12:47:00.504579,4506.34,4
2025-10-23T12:47:10.504579,4498.42,5
2025-10-23T12:47:20.504579,4505.56,3
2025-10-23T12:47:30.504579,4500.57,5
2025-10-23T12:47:40.504579,4506.29,9
2025-10-23T12:47:50.504579,4497.99,2
2025-10-23T12:48:00.504579,4503.94,9
2025-10-23T12:48:10.504579,4501.59,2
2025-10-23T12:48:20.504579,4495.31,10
2025-10-23T12:48:30.504579,4499.48,5
2025-10-23T12:48:40.504579,4505.10,10
2025-10-23T12:48:50.504579,4502.73,7
2025-10-23T12:49:00.504579,4499.66,8
2025-10-23T12:49:10.504579,4504.21,7
2025-10-23T12:49:20.504579,4504.29,1
2025-10-23T12:49:30.504579,4503.11,4
2025-10-23T12:49:40.504579,4500.45,6
2025-10-23T12:49:50.504579,4499.53,9
2025-10-23T12:50:00.504579,4497.14,9
2025-10-23T12:50:10.504579,4498.28,3
2025-10-23T12:50:20.504579,4502.32,10
2025-10-23T12:50:30.504579,4497.53,1
2025-10-23T12:50:40.504579,4505.99,6
2025-10-23T12:50:50.504579,4500.85,4
2025-10-23T12:51:00.504579,4497.79,2
2025-10-23T12:51:10.504579,4501.49,9
2025-10-23T12:51:20.504579,4504.06,3
2025-10-23T12:51:30.504579,4504.97,6
2025-10-23T12:51:40.504579,4504.33,1
2025-10-23T12:51:50.504579,4504.90,4
2025-10-23T12:52:00.504579,4503.88,5
2025-10-23T12:52:10.504579,4504.15,6
2025-10-23T12:52:20.504579,4505.78,9
2025-10-23T12:52:30.504579,4497.46,2
2025-10-23T12:52:40.504579,4499.51,4
2025-10-23T12:52:50.504579,4505.83,10
2025-10-23T12:53:00.504579,4499.33,6
2025-10-23T12:53:10.504579,4500.62,4
2025-10-23T12:53:20.504579,4501.84,9
2025-10-23T12:53:30.504579,4504.09,10
2025-10-23T12:53:40.504579,4505.63,2
2025-10-23T12:53:50.504579,4496.06,3
2025-10-23T12:54:00.504579,4504.36,10
2025-10-23T12:54:10.504579,4498.88,5
2025-10-23T12:54:20.504579,4497.08,7
2025-10-23T12:54:30.504579,4504.90,6
2025-10-23T12:54:40.504579,4503.31,9
2025-10-23T12:54:50.504579,4501.39,4
2025-10-23T12:55:00.504579,4497.89,8
2025-10-23T12:55:10.504579,4503.30,10
2025-10-23T12:55:20.504579,4503.36,5
2025-10-23T12:55:30.504579,4504.89,5
2025-10-23T12:55:40.504579,4505.49,4
2025-10-23T12:55:50.504579,4501.35,6
2025-10-23T12:56:00.504579,4500.83,1
2025-10-23T12:56:10.504579,4505.20,2
2025-10-23T12:56:20.504579,4500.63,9
2025-10-23T12:56:30.504579,4500.77,9
2025-10-23T12:56:40.504579,4501.37,6
2025-10-23T12:56:50.504579,4500.96,5
2025-10-23T12:57:00.504579,4499.95,7
2025-10-23T12:57:10.504579,4496.88,3
2025-10-23T12:57:20.504579,4500.01,5
2025-10-23T12:57:30.504579,4496.01,4
2025-10-23T12:57:40.504579,4498.16,6
2025-10-23T12:57:50.504579,4502.87,9
2025-10-23T12:58:00.504579,4498.10,6
2025-10-23T12:58:10.504579,4505.84,9
2025-10-23T12:58:20.504579,4502.74,3
2025-10-23T12:58:30.504579,4502.82,3
2025-10-23T12:58:40.504579,4498.18,8
2025-10-23T12:58:50.504579,4502.84,6
2025-10-23T12:59:00.504579,4498.24,6
2025-10-23T12:59:10.504579,4498.95,10
2025-10-23T12:59:20.504579,4496.14,8
2025-10-23T12:59:30.504579,4499.32,9
2025-10-23T12:59:40.504579,4500.73,1
2025-10-23T12:59:50.504579,4500.73,6
2025-10-23T13:00:00.504579,4500.42,1
2025-10-23T13:00:10.504579,4497.20,9
2025-10-23T13:00:20.504579,4495.06,10
2025-10-23T13:00:30.504579,4499.74,2
2025-10-23T13:00:40.504579,4502.47,8
2025-10-23T13:00:50.504579,4502.11,2
2025-10-23T13:01:00.504579,4504.39,10
2025-10-23T13:01:10.504579,4498.06,6
2025-10-23T13:01:20.504579,4498.83,10
2025-10-23T13:01:30.504579,4501.87,6
2025-10-23T13:01:40.504579,4498.15,9
2025-10-23T13:01:50.504579,4497.55,3
2025-10-23T13:02:00.504579,4499.32,6
2025-10-23T13:02:10.504579,4499.99,2
2025-10-23T13:02:20.504579,4503.01,4
2025-10-23T13:02:30.504579,4494.75,2
2025-10-23T13:02:40.504579,4500.02,9
2025-10-23T13:02:50.504579,4498.79,7
2025-10-23T13:03:00.504579,4497.87,1
2025-10-23T13:03:10.504579,4504.79,7
2025-10-23T13:03:20.504579,4498.41,9
2025-10-23T13:03:30.504579,4498.73,2
2025-10-23T13:03:40.504579,4502.73,5
2025-10-23T13:03:50.504579,4497.45,2
2025-10-23T13:04:00.504579,4497.15,6
2025-10-23T13:04:10.504579,4500.09,2
2025-10-23T13:04:20.504579,4500.93,9
2025-10-23T13:04:30.504579,4501.68,9
2025-10-23T13:04:40.504579,4497.07,1
2025-10-23T13:04:50.504579,4498.65,3
2025-10-23T13:05:00.504579,4505.08,9
2025-10-23T13:05:10.504579,4502.99,10
2025-10-23T13:05:20.504579,4507.02,2
2025-10-23T13:05:30.504579,4503.95,2
2025-10-23T13:05:40.504579,4500.14,4
2025-10-23T13:05:50.504579,4505.74,3
2025-10-23T13:06:00.504579,4498.78,4
2025-10-23T13:06:10.504579,4499.97,10
2025-10-23T13:06:20.504579,4503.97,2
2025-10-23T13:06:30.504579,4498.22,2
2025-10-23T13:06:40.504579,4497.78,4
2025-10-23T13:06:50.504579,4499.73,3
2025-10-23T13:07:00.504579,4505.58,5
2025-10-23T13:07:10.504579,4504.15,10
2025-10-23T13:07:20.504579,4508.34,10
2025-10-23T13:07:30.504579,4501.61,7
2025-10-23T13:07:40.504579,4502.37,5
2025-10-23T13:07:50.504579,4501.45,10
2025-10-23T13:08:00.504579,4504.92,3
2025-10-23T13:08:10.504579,4499.02,9
2025-10-23T13:08:20.504579,4503.93,2
2025-10-23T13:08:30.504579,4500.12,10
2025-10-23T13:08:40.504579,4504.31,9
2025-10-23T13:08:50.504579,4505.89,3
2025-10-23T13:09:00.504579,4505.50,4
2025-10-23T13:09:10.504579,4507.35,7
2025-10-23T13:09:20.504579,4504.35,3
2025-10-23T13:09:30.504579,4500.79,6
2025-10-23T13:09:40.504579,4498.14,5
2025-10-23T13:09:50.504579,4503.35,9
2025-10-23T13:10:00.504579,4502.78,4
2025-10-23T13:10:10.504579,4502.21,3
2025-10-23T13:10:20.504579,4504.09,7
2025-10-23T13:10:30.504579,4504.04,10
2025-10-23T13:10:40.504579,4504.08,7
2025-10-23T13:10:50.504579,4498.34,2
2025-10-23T13:11:00.504579,4500.72,3
2025-10-23T13:11:10.504579,4504.17,2
2025-10-23T13:11:20.504579,4500.88,3
2025-10-23T13:11:30.504579,4500.54,5
2025-10-23T13:11:40.504579,4500.56,1
2025-10-23T13:11:50.504579,4497.93,5
2025-10-23T13:12:00.504579,4498.99,3
2025-10-23T13:12:10.504579,4501.82,2
2025-10-23T13:12:20.504579,4502.87,1
2025-10-23T13:12:30.504579,4505.69,9
2025-10-23T13:12:40.504579,4503.66,5
2025-10-23T13:12:50.504579,4507.45,9
2025-10-23T13:13:00.504579,4500.91,5
2025-10-23T13:13:10.504579,4503.09,6
2025-10-23T13:13:20.504579,4501.06,5
2025-10-23T13:13:30.504579,4504.96,4
2025-10-23T13:13:40.504579,4498.84,2
2025-10-23T13:13:50.504579,4500.43,1
2025-10-23T13:14:00.504579,4498.22,3
2025-10-23T13:14:10.504579,4501.39,9
2025-10-23T13:14:20.504579,4499.86,3
2025-10-23T13:14:30.504579,4504.76,3
2025-10-23T13:14:40.504579,4498.24,1
2025-10-23T13:14:50.504579,4502.78,6
2025-10-23T13:15:00.504579,4497.49,9
2025-10-23T13:15:10.504579,4501.94,7
2025-10-23T13:15:20.504579,4505.29,4
2025-10-23T13:15:30.504579,4505.85,7
2025-10-23T13:15:40.504579,4501.05,10
2025-10-23T13:15:50.504579,4499.11,8
2025-10-23T13:16:00.504579,4497.21,10
2025-10-23T13:16:10.504579,4504.78,2
2025-10-23T13:16:20.504579,4506.37,8
2025-10-23T13:16:30.504579,4502.31,2
2025-10-23T13:16:40.504579,4502.69,5
2025-10-23T13:16:50.504579,4497.55,2
2025-10-23T13:17:00.504579,4498.95,8
2025-10-23T13:17:10.504579,4500.90,1
2025-10-23T13:17:20.504579,4503.69,1
2025-10-23T13:17:30.504579,4497.62,8
2025-10-23T13:17:40.504579,4504.29,8
2025-10-23T13:17:50.504579,4499.05,9
2025-10-23T13:18:00.504579,4503.36,5
2025-10-23T13:18:10.504579,4502.10,1
2025-10-23T13:18:20.504579,4502.39,3
2025-10-23T13:18:30.504579,4497.28,10
2025-10-23T13:18:40.504579,4496.99,7
2025-10-23T13:18:50.504579,4506.61,3
2025-10-23T13:19:00.504579,4505.49,8
2025-10-23T13:19:10.504579,4498.49,2
2025-10-23T13:19:20.504579,4505.43,5
2025-10-23T13:19:30.504579,4499.22,2
2025-10-23T13:19:40.504579,4502.45,7
2025-10-23T13:19:50.504579,4501.22,7
2025-10-23T13:20:00.504579,4495.70,6
2025-10-23T13:20:10.504579,4504.69,8
2025-10-23T13:20:20.504579,4497.80,9
2025-10-23T13:20:30.504579,4502.82,1
2025-10-23T13:20:40.504579,4503.02,4
2025-10-23T13:20:50.504579,4496.19,6
2025-10-23T13:21:00.504579,4501.06,7
2025-10-23T13:21:10.504579,4503.24,4
2025-10-23T13:21:20.504579,4500.35,2
2025-10-23T13:21:30.504579,4502.28,9
2025-10-23T13:21:40.504579,4500.85,7
2025-10-23T13:21:50.504579,4502.02,9
2025-10-23T13:22:00.504579,4503.52,6
2025-10-23T13:22:10.504579,4504.95,4
2025-10-23T13:22:20.504579,4504.63,8
2025-10-23T13:22:30.504579,4502.96,1
2025-10-23T13:22:40.504579,4505.57,1
2025-10-23T13:22:50.504579,4503.37,4
2025-10-23T13:23:00.504579,4500.11,4
2025-10-23T13:23:10.504579,4499.31,5
2025-10-23T13:23:20.504579,4500.54,8
2025-10-23T13:23:30.504579,4504.59,2
2025-10-23T13:23:40.504579,4496.30,4
2025-10-23T13:23:50.504579,4503.41,8
2025-10-23T13:24:00.504579,4496.64,7
2025-10-23T13:24:10.504579,4495.12,3
2025-10-23T13:24:20.504579,4500.41,2
2025-10-23T13:24:30.504579,4500.62,3
2025-10-23T13:24:40.504579,4501.81,3
2025-10-23T13:24:50.504579,4501.42,4
2025-10-23T13:25:00.504579,4499.65,4
2025-10-23T13:25:10.504579,4496.27,7
2025-10-23T13:25:20.504579,4496.09,1
2025-10-23T13:25:30.504579,4495.72,3
2025-10-23T13:25:40.504579,4496.36,1
2025-10-23T13:25:50.504579,4503.62,10
2025-10-23T13:26:00.504579,4498.71,4
2025-10-23T13:26:10.504579,4500.43,2
2025-10-23T13:26:20.504579,4501.09,1
2025-10-23T13:26:30.504579,4500.20,9
2025-10-23T13:26:40.504579,4501.13,5
2025-10-23T13:26:50.504579,4500.71,2
2025-10-23T13:27:00.504579,4499.05,9
2025-10-23T13:27:10.504579,4498.39,10
2025-10-23T13:27:20.504579,4496.66,10
2025-10-23T13:27:30.504579,4501.33,7
2025-10-23T13:27:40.504579,4500.79,6
2025-10-23T13:27:50.504579,4505.29,10
2025-10-23T13:28:00.504579,4501.18,3
2025-10-23T13:28:10.504579,4499.15,7
2025-10-23T13:28:20.504579,4495.86,4
2025-10-23T13:28:30.504579,4503.65,2
2025-10-23T13:28:40.504579,4496.66,3
2025-10-23T13:28:50.504579,4501.52,4
2025-10-23T13:29:00.504579,4498.25,2
2025-10-23T13:29:10.504579,4505.31,6
2025-10-23T13:29:20.504579,4502.54,7
2025-10-23T13:29:30.504579,4498.66,4
2025-10-23T13:29:40.504579,4503.96,2
2025-10-23T13:29:50.504579,4497.08,3
2025-10-23T13:30:00.504579,4499.49,9
2025-10-23T13:30:10.504579,4497.70,8
2025-10-23T13:30:20.504579,4502.12,8
2025-10-23T13:30:30.504579,4499.42,1
2025-10-23T13:30:40.504579,4498.43,2
2025-10-23T13:30:50.504579,4499.69,7
2025-10-23T13:31:00.504579,4498.28,9
2025-10-23T13:31:10.504579,4504.86,3
2025-10-23T13:31:20.504579,4498.70,9
2025-10-23T13:31:30.504579,4499.86,2
2025-10-23T13:31:40.504579,4506.64,7
2025-10-23T13:31:50.504579,4498.45,4
2025-10-23T13:32:00.504579,4501.36,5
2025-10-23T13:32:10.504579,4498.76,2
2025-10-23T13:32:20.504579,4505.33,6
2025-10-23T13:32:30.504579,4501.28,9
2025-10-23T13:32:40.504579,4502.80,3
2025-10-23T13:32:50.504579,4500.92,2
2025-10-23T13:33:00.504579,4497.97,6
2025-10-23T13:33:10.504579,4499.51,10
2025-10-23T13:33:20.504579,4502.99,3
2025-10-23T13:33:30.504579,4496.81,10
2025-10-23T13:33:40.504579,4503.00,4
2025-10-23T13:33:50.504579,4506.85,3
2025-10-23T13:34:00.504579,4504.86,9
2025-10-23T13:34:10.504579,4497.98,3
2025-10-23T13:34:20.504579,4505.22,6
2025-10-23T13:34:30.504579,4505.02,1
2025-10-23T13:34:40.504579,4497.95,8
2025-10-23T13:34:50.504579,4504.77,3
2025-10-23T13:35:00.504579,4499.97,7
2025-10-23T13:35:10.504579,4498.50,5
2025-10-23T13:35:20.504579,4504.91,3
2025-10-23T13:35:30.504579,4501.89,5
2025-10-23T13:35:40.504579,4496.93,9
2025-10-23T13:35:50.504579,4498.51,10
2025-10-23T13:36:00.504579,4501.40,3
2025-10-23T13:36:10.504579,4500.17,4
2025-10-23T13:36:20.504579,4503.78,8
2025-10-23T13:36:30.504579,4498.11,4
2025-10-23T13:36:40.504579,4496.52,10
2025-10-23T13:36:50.504579,4497.82,1
2025-10-23T13:37:00.504579,4495.10,7
2025-10-23T13:37:10.504579,4499.76,6
2025-10-23T13:37:20.504579,4504.99,4
2025-10-23T13:37:30.504579,4498.60,4
2025-10-23T13:37:40.504579,4496.26,3
2025-10-23T13:37:50.504579,4497.49,1
2025-10-23T13:38:00.504579,4500.35,2
2025-10-23T13:38:10.504579,4502.92,8
2025-10-23T13:38:20.504579,4496.19,3
2025-10-23T13:38:30.504579,4504.07,2
2025-10-23T13:38:40.504579,4497.49,3
2025-10-23T13:38:50.504579,4499.32,1
2025-10-23T13:39:00.504579,4504.93,8
2025-10-23T13:39:10.504579,4497.98,3
2025-10-23T13:39:20.504579,4504.14,1
2025-10-23T13:39:30.504579,4499.58,1
2025-10-23T13:39:40.504579,4501.25,3
2025-10-23T13:39:50.504579,4495.78,2
2025-10-23T13:40:00.504579,4500.41,4
2025-10-23T13:40:10.504579,4499.99,7
2025-10-23T13:40:20.504579,4495.88,5
2025-10-23T13:40:30.504579,4503.17,7
2025-10-23T13:40:40.504579,4496.34,5
2025-10-23T13:40:50.504579,4501.22,1
2025-10-23T13:41:00.504579,4495.98,4
2025-10-23T13:41:10.504579,4500.18,2
2025-10-23T13:41:20.504579,4496.58,7
2025-10-23T13:41:30.504579,4500.80,4
2025-10-23T13:41:40.504579,4500.57,10
2025-10-23T13:41:50.504579,4496.04,2
2025-10-23T13:42:00.504579,4505.15,5
2025-10-23T13:42:10.504579,4500.18,5
2025-10-23T13:42:20.504579,4500.19,1
2025-10-23T13:42:30.504579,4495.47,10
2025-10-23T13:42:40.504579,4496.05,5
2025-10-23T13:42:50.504579,4498.09,5
2025-10-23T13:43:00.504579,4494.53,4
2025-10-23T13:43:10.504579,4504.00,4
2025-10-23T13:43:20.504579,4495.19,6
2025-10-23T13:43:30.504579,4499.55,4
2025-10-23T13:43:40.504579,4493.21,1
2025-10-23T13:43:50.504579,4495.14,7
2025-10-23T13:44:00.504579,4502.32,3
2025-10-23T13:44:10.504579,4495.25,8
2025-10-23T13:44:20.504579,4492.68,5
2025-10-23T13:44:30.504579,4499.06,10
2025-10-23T13:44:40.504579,4499.18,10
2025-10-23T13:44:50.504579,4492.98,1
2025-10-23T13:45:00.504579,4498.31,3
2025-10-23T13:45:10.504579,4496.80,2
2025-10-23T13:45:20.504579,4501.70,3
2025-10-23T13:45:30.504579,4499.62,2
2025-10-23T13:45:40.504579,4495.43,3
2025-10-23T13:45:50.504579,4494.45,9
2025-10-23T13:46:00.504579,4494.08,7
2025-10-23T13:46:10.504579,4497.10,8
2025-10-23T13:46:20.504579,4500.52,10
2025-10-23T13:46:30.504579,4499.32,10
2025-10-23T13:46:40.504579,4497.95,4
2025-10-23T13:46:50.504579,4491.97,1
2025-10-23T13:47:00.504579,4497.86,6
2025-10-23T13:47:10.504579,4495.67,9
2025-10-23T13:47:20.504579,4497.11,4
2025-10-23T13:47:30.504579,4497.87,3
2025-10-23T13:47:40.504579,4494.73,4
2025-10-23T13:47:50.504579,4497.72,5
2025-10-23T13:48:00.504579,4497.90,10
2025-10-23T13:48:10.504579,4496.27,1
2025-10-23T13:48:20.504579,4493.67,2
2025-10-23T13:48:30.504579,4494.51,3
2025-10-23T13:48:40.504579,4498.97,10
2025-10-23T13:48:50.504579,4495.83,5
2025-10-23T13:49:00.504579,4495.66,2
2025-10-23T13:49:10.504579,4492.66,7
2025-10-23T13:49:20.504579,4497.42,1
2025-10-23T13:49:30.504579,4493.75,7
2025-10-23T13:49:40.504579,4494.17,5
2025-10-23T13:49:50.504579,4497.98,6
2025-10-23T13:50:00.504579,4497.07,7
2025-10-23T13:50:10.504579,4498.58,7
2025-10-23T13:50:20.504579,4490.70,6
2025-10-23T13:50:30.504579,4491.34,10
2025-10-23T13:50:40.504579,4489.58,7
2025-10-23T13:50:50.504579,4497.19,4
2025-10-23T13:51:00.504579,4494.54,7
2025-10-23T13:51:10.504579,4495.53,8
2025-10-23T13:51:20.504579,4491.07,9
2025-10-23T13:51:30.504579,4489.56,3
2025-10-23T13:51:40.504579,4491.66,1
2025-10-23T13:51:50.504579,4498.76,5
2025-10-23T13:52:00.504579,4496.04,1
2025-10-23T13:52:10.504579,4491.76,9
2025-10-23T13:52:20.504579,4490.66,7
2025-10-23T13:52:30.504579,4496.01,10
2025-10-23T13:52:40.504579,4493.96,6
2025-10-23T13:52:50.504579,4496.40,8
2025-10-23T13:53:00.504579,4496.45,5
2025-10-23T13:53:10.504579,4490.87,9
2025-10-23T13:53:20.504579,4496.18,9
2025-10-23T13:53:30.504579,4495.91,8
2025-10-23T13:53:40.504579,4494.60,6
2025-10-23T13:53:50.504579,4497.38,6
2025-10-23T13:54:00.504579,4496.09,5
2025-10-23T13:54:10.504579,4490.73,10
2025-10-23T13:54:20.504579,4488.87,9
2025-10-23T13:54:30.504579,4491.61,3
2025-10-23T13:54:40.504579,4488.51,2
2025-10-23T13:54:50.504579,4491.64,8
2025-10-23T13:55:00.504579,4494.28,3
2025-10-23T13:55:10.504579,4494.54,1
2025-10-23T13:55:20.504579,4492.72,5
2025-10-23T13:55:30.504579,4497.13,9
2025-10-23T13:55:40.504579,4489.97,4
2025-10-23T13:55:50.504579,4493.27,1
2025-10-23T13:56:00.504579,4488.76,1
2025-10-23T13:56:10.504579,4495.93,6
2025-10-23T13:56:20.504579,4490.73,1
2025-10-23T13:56:30.504579,4493.06,6
2025-10-23T13:56:40.504579,4493.38,8
2025-10-23T13:56:50.504579,4496.50,5
2025-10-23T13:57:00.504579,4491.56,7
2025-10-23T13:57:10.504579,4490.44,2
2025-10-23T13:57:20.504579,4493.55,1
2025-10-23T13:57:30.504579,4492.52,8
2025-10-23T13:57:40.504579,4491.74,4
2025-10-23T13:57:50.504579,4489.95,10
2025-10-23T13:58:00.504579,4494.73,4
2025-10-23T13:58:10.504579,4495.95,4
2025-10-23T13:58:20.504579,4491.87,1
2025-10-23T13:58:30.504579,4495.42,7
2025-10-23T13:58:40.504579,4496.36,2
2025-10-23T13:58:50.504579,4495.98,9
2025-10-23T13:59:00.504579,4490.42,2
2025-10-23T13:59:10.504579,4494.93,4
2025-10-23T13:59:20.504579,4488.77,8
2025-10-23T13:59:30.504579,4489.64,2
2025-10-23T13:59:40.504579,4488.33,6
2025-10-23T13:59:50.504579,4498.21,10
2025-10-23T14:00:00.504579,4496.49,7
2025-10-23T14:00:10.504579,4496.46,4
2025-10-23T14:00:20.504579,4491.50,2
2025-10-23T14:00:30.504579,4490.95,6
2025-10-23T14:00:40.504579,4488.64,1
2025-10-23T14:00:50.504579,4489.41,2
2025-10-23T14:01:00.504579,4489.55,6
2025-10-23T14:01:10.504579,4490.82,10
2025-10-23T14:01:20.504579,4494.90,7
2025-10-23T14:01:30.504579,4496.87,6
2025-10-23T14:01:40.504579,4488.28,7
2025-10-23T14:01:50.504579,4488.39,3
2025-10-23T14:02:00.504579,4496.46,7
2025-10-23T14:02:10.504579,4489.16,1
2025-10-23T14:02:20.504579,4486.84,6
2025-10-23T14:02:30.504579,4490.34,1
2025-10-23T14:02:40.504579,4488.80,4
2025-10-23T14:02:50.504579,4489.20,10
2025-10-23T14:03:00.504579,4487.53,7
2025-10-23T14:03:10.504579,4496.29,3
2025-10-23T14:03:20.504579,4493.25,7
2025-10-23T14:03:30.504579,4490.91,3
2025-10-23T14:03:40.504579,4494.21,7
2025-10-23T14:03:50.504579,4490.90,9
2025-10-23T14:04:00.504579,4492.14,5
2025-10-23T14:04:10.504579,4492.07,9
2025-10-23T14:04:20.504579,4495.13,10
2025-10-23T14:04:30.504579,4490.12,5
2025-10-23T14:04:40.504579,4495.78,3
2025-10-23T14:04:50.504579,4487.49,7
2025-10-23T14:05:00.504579,4488.66,10
2025-10-23T14:05:10.504579,4491.37,4
2025-10-23T14:05:20.504579,4486.85,7
2025-10-23T14:05:30.504579,4491.64,1
2025-10-23T14:05:40.504579,4492.18,5
2025-10-23T14:05:50.504579,4491.30,7
2025-10-23T14:06:00.504579,4495.12,2
2025-10-23T14:06:10.504579,4493.98,9
2025-10-23T14:06:20.504579,4490.62,6
2025-10-23T14:06:30.504579,4490.15,9
2025-10-23T14:06:40.504579,4488.09,9
2025-10-23T14:06:50.504579,4492.17,2
2025-10-23T14:07:00.504579,4494.16,9
2025-10-23T14:07:10.504579,4486.46,1
2025-10-23T14:07:20.504579,4488.44,9
2025-10-23T14:07:30.504579,4491.94,2
2025-10-23T14:07:40.504579,4491.09,4
2025-10-23T14:07:50.504579,4491.76,10
2025-10-23T14:08:00.504579,4494.48,8
2025-10-23T14:08:10.504579,4491.78,7
2025-10-23T14:08:20.504579,4489.09,6
2025-10-23T14:08:30.504579,4489.74,2
2025-10-23T14:08:40.504579,4493.31,6
2025-10-23T14:08:50.504579,4493.67,3
2025-10-23T14:09:00.504579,4489.52,7
2025-10-23T14:09:10.504579,4490.15,3
2025-10-23T14:09:20.504579,4495.78,7
2025-10-23T14:09:30.504579,4492.54,5
2025-10-23T14:09:40.504579,4488.03,5
2025-10-23T14:09:50.504579,4494.12,1
2025-10-23T14:10:00.504579,4494.45,1
2025-10-23T14:10:10.504579,4491.14,7
2025-10-23T14:10:20.504579,4496.11,5
2025-10-23T14:10:30.504579,4488.63,4
2025-10-23T14:10:40.504579,4495.57,3
2025-10-23T14:10:50.504579,4489.44,8
2025-10-23T14:11:00.504579,4489.15,9
2025-10-23T14:11:10.504579,4491.58,4
2025-10-23T14:11:20.504579,4492.31,2
2025-10-23T14:11:30.504579,4496.82,2
2025-10-23T14:11:40.504579,4490.43,8
2025-10-23T14:11:50.504579,4496.92,2
2025-10-23T14:12:00.504579,4492.35,10
2025-10-23T14:12:10.504579,4490.81,5
2025-10-23T14:12:20.504579,4491.66,4
2025-10-23T14:12:30.504579,4488.09,3
2025-10-23T14:12:40.504579,4492.99,8
2025-10-23T14:12:50.504579,4488.40,4
2025-10-23T14:13:00.504579,4493.61,1
2025-10-23T14:13:10.504579,4491.28,4
2025-10-23T14:13:20.504579,4492.00,2
2025-10-23T14:13:30.504579,4489.15,8
2025-10-23T14:13:40.504579,4490.96,1
2025-10-23T14:13:50.504579,4493.71,7
2025-10-23T14:14:00.504579,4494.84,7
2025-10-23T14:14:10.504579,4495.10,2
2025-10-23T14:14:20.504579,4493.97,1
2025-10-23T14:14:30.504579,4487.61,9
2025-10-23T14:14:40.504579,4493.62,8
2025-10-23T14:14:50.504579,4489.52,6
2025-10-23T14:15:00.504579,4493.67,7
2025-10-23T14:15:10.504579,4495.23,1
2025-10-23T14:15:20.504579,4486.85,6
2025-10-23T14:15:30.504579,4486.73,3
2025-10-23T14:15:40.504579,4490.01,8
2025-10-23T14:15:50.504579,4492.93,2
2025-10-23T14:16:00.504579,4494.58,7
2025-10-23T14:16:10.504579,4486.03,6
2025-10-23T14:16:20.504579,4486.37,4
2025-10-23T14:16:30.504579,4485.11,4
2025-10-23T14:16:40.504579,4489.09,10
2025-10-23T14:16:50.504579,4488.21,4
2025-10-23T14:17:00.504579,4490.57,9
2025-10-23T14:17:10.504579,4493.37,1
2025-10-23T14:17:20.504579,4491.95,8
2025-10-23T14:17:30.504579,4492.71,1
2025-10-23T14:17:40.504579,4492.43,4
2025-10-23T14:17:50.504579,4486.30,8
2025-10-23T14:18:00.504579,4491.26,8
2025-10-23T14:18:10.504579,4485.01,10
2025-10-23T14:18:20.504579,4485.96,1
2025-10-23T14:18:30.504579,4489.70,2
2025-10-23T14:18:40.504579,4489.77,4
2025-10-23T14:18:50.504579,4494.61,2
2025-10-23T14:19:00.504579,4491.03,5
2025-10-23T14:19:10.504579,4490.59,6
2025-10-23T14:19:20.504579,4491.92,6
2025-10-23T14:19:30.504579,4493.28,3
2025-10-23T14:19:40.504579,4487.14,9
2025-10-23T14:19:50.504579,4486.66,10
2025-10-23T14:20:00.504579,4491.98,10
2025-10-23T14:20:10.504579,4488.55,3
2025-10-23T14:20:20.504579,4490.23,8
2025-10-23T14:20:30.504579,4485.99,6
2025-10-23T14:20:40.504579,4489.02,3
2025-10-23T14:20:50.504579,4490.44,5
2025-10-23T14:21:00.504579,4488.40,5
2025-10-23T14:21:10.504579,4488.70,8
2025-10-23T14:21:20.504579,4489.11,5
2025-10-23T14:21:30.504579,4488.42,2
2025-10-23T14:21:40.504579,4488.06,2
2025-10-23T14:21:50.504579,4485.41,8
2025-10-23T14:22:00.504579,4486.35,9
2025-10-23T14:22:10.504579,4490.21,10
2025-10-23T14:22:20.504579,4484.44,3
2025-10-23T14:22:30.504579,4484.00,7
2025-10-23T14:22:40.504579,4492.12,10
2025-10-23T14:22:50.504579,4489.10,5
2025-10-23T14:23:00.504579,4488.33,5
2025-10-23T14:23:10.504579,4491.24,3
2025-10-23T14:23:20.504579,4492.99,7
2025-10-23T14:23:30.504579,4490.78,6
2025-10-23T14:23:40.504579,4484.02,4
2025-10-23T14:23:50.504579,4490.63,10
2025-10-23T14:24:00.504579,4485.56,5
2025-10-23T14:24:10.504579,4486.14,4
2025-10-23T14:24:20.504579,4487.96,9
2025-10-23T14:24:30.504579,4486.34,9
2025-10-23T14:24:40.504579,4490.69,10
2025-10-23T14:24:50.504579,4483.54,5
2025-10-23T14:25:00.504579,4491.73,10
2025-10-23T14:25:10.504579,4484.66,4
2025-10-23T14:25:20.504579,4492.24,10
2025-10-23T14:25:30.504579,4483.39,4
2025-10-23T14:25:40.504579,4484.76,5
2025-10-23T14:25:50.504579,4488.87,5
2025-10-23T14:26:00.504579,4487.18,9
2025-10-23T14:26:10.504579,4491.22,1
2025-10-23T14:26:20.504579,4486.05,4
2025-10-23T14:26:30.504579,4490.18,3
2025-10-23T14:26:40.504579,4484.94,8
2025-10-23T14:26:50.504579,4488.29,8
2025-10-23T14:27:00.504579,4484.27,4
2025-10-23T14:27:10.504579,4489.74,3
2025-10-23T14:27:20.504579,4490.26,1
2025-10-23T14:27:30.504579,4490.78,4
2025-10-23T14:27:40.504579,4490.21,3
2025-10-23T14:27:50.504579,4484.96,1
2025-10-23T14:28:00.504579,4484.34,5
2025-10-23T14:28:10.504579,4482.99,10
2025-10-23T14:28:20.504579,4486.73,7
2025-10-23T14:28:30.504579,4487.09,3
2025-10-23T14:28:40.504579,4490.59,4
2025-10-23T14:28:50.504579,4482.07,9
2025-10-23T14:29:00.504579,4485.38,7
2025-10-23T14:29:10.504579,4487.86,5
2025-10-23T14:29:20.504579,4490.27,5
2025-10-23T14:29:30.504579,4489.25,6
2025-10-23T14:29:40.504579,4490.29,8
2025-10-23T14:29:50.504579,4488.88,1
2025-10-23T14:30:00.504579,4483.53,4
2025-10-23T14:30:10.504579,4489.38,8
2025-10-23T14:30:20.504579,4482.40,2
2025-10-23T14:30:30.504579,4490.78,2
2025-10-23T14:30:40.504579,4480.90,1
2025-10-23T14:30:50.504579,4489.29,9
2025-10-23T14:31:00.504579,4489.76,7
2025-10-23T14:31:10.504579,4481.35,5
2025-10-23T14:31:20.504579,4485.01,6
2025-10-23T14:31:30.504579,4482.72,5
2025-10-23T14:31:40.504579,4483.54,10
2025-10-23T14:31:50.504579,4486.43,3
2025-10-23T14:32:00.504579,4487.89,5
2025-10-23T14:32:10.504579,4485.38,5
2025-10-23T14:32:20.504579,4489.33,3
2025-10-23T14:32:30.504579,4485.08,1
2025-10-23T14:32:40.504579,4485.06,9
2025-10-23T14:32:50.504579,4484.04,3
2025-10-23T14:33:00.504579,4481.53,5
2025-10-23T14:33:10.504579,4483.37,5
2025-10-23T14:33:20.504579,4480.42,6
2025-10-23T14:33:30.504579,4483.38,3
2025-10-23T14:33:40.504579,4481.04,9
2025-10-23T14:33:50.504579,4489.87,6
2025-10-23T14:34:00.504579,4485.03,4
2025-10-23T14:34:10.504579,4484.54,7
2025-10-23T14:34:20.504579,4489.70,9
2025-10-23T14:34:30.504579,4484.69,7
2025-10-23T14:34:40.504579,4486.46,6
2025-10-23T14:34:50.504579,4487.23,9
2025-10-23T14:35:00.504579,4482.03,9
2025-10-23T14:35:10.504579,4484.37,10
2025-10-23T14:35:20.504579,4487.06,5
2025-10-23T14:35:30.504579,4489.37,2
2025-10-23T14:35:40.504579,4489.62,2
2025-10-23T14:35:50.504579,4483.54,3
2025-10-23T14:36:00.504579,4484.38,6
2025-10-23T14:36:10.504579,4485.54,6
2025-10-23T14:36:20.504579,4483.28,3
2025-10-23T14:36:30.504579,4484.27,3
2025-10-23T14:36:40.504579,4487.42,5
2025-10-23T14:36:50.504579,4484.10,7
2025-10-23T14:37:00.504579,4481.27,5
2025-10-23T14:37:10.504579,4483.37,10
2025-10-23T14:37:20.504579,4489.76,1
2025-10-23T14:37:30.504579,4483.97,8
2025-10-23T14:37:40.504579,4486.07,6
2025-10-23T14:37:50.504579,4481.98,4
2025-10-23T14:38:00.504579,4486.83,4
2025-10-23T14:38:10.504579,4483.49,5
2025-10-23T14:38:20.504579,4491.12,6
2025-10-23T14:38:30.504579,4488.99,9
2025-10-23T14:38:40.504579,4490.73,5
2025-10-23T14:38:50.504579,4488.20,5
2025-10-23T14:39:00.504579,4486.89,10
2025-10-23T14:39:10.504579,4481.51,5
2025-10-23T14:39:20.504579,4486.12,3
2025-10-23T14:39:30.504579,4482.80,1
2025-10-23T14:39:40.504579,4481.35,3
2025-10-23T14:39:50.504579,4490.35,8
2025-10-23T14:40:00.504579,4480.96,8
2025-10-23T14:40:10.504579,4487.96,4
2025-10-23T14:40:20.504579,4486.61,5
2025-10-23T14:40:30.504579,4484.10,10
2025-10-23T14:40:40.504579,4485.94,9
2025-10-23T14:40:50.504579,4483.86,6
2025-10-23T14:41:00.504579,4488.18,9
2025-10-23T14:41:10.504579,4487.74,9
2025-10-23T14:41:20.504579,4487.63,10
2025-10-23T14:41:30.504579,4484.75,8
2025-10-23T14:41:40.504579,4490.81,1
2025-10-23T14:41:50.504579,4486.60,2
2025-10-23T14:42:00.504579,4492.66,2
2025-10-23T14:42:10.504579,4488.86,1
2025-10-23T14:42:20.504579,4492.53,9
2025-10-23T14:42:30.504579,4490.72,3
2025-10-23T14:42:40.504579,4487.36,2
2025-10-23T14:42:50.504579,4488.16,6
2025-10-23T14:43:00.504579,4488.13,4
2025-10-23T14:43:10.504579,4483.03,2
2025-10-23T14:43:20.504579,4483.69,1
2025-10-23T14:43:30.504579,4482.06,2
2025-10-23T14:43:40.504579,4482.19,2
2025-10-23T14:43:50.504579,4486.74,10
2025-10-23T14:44:00.504579,4489.77,2
2025-10-23T14:44:10.504579,4486.96,2
2025-10-23T14:44:20.504579,4486.89,10
2025-10-23T14:44:30.504579,4490.44,2
2025-10-23T14:44:40.504579,4491.66,8
2025-10-23T14:44:50.504579,4492.07,3
2025-10-23T14:45:00.504579,4482.93,1
2025-10-23T14:45:10.504579,4488.98,3
2025-10-23T14:45:20.504579,4482.78,1
2025-10-23T14:45:30.504579,4490.65,2
2025-10-23T14:45:40.504579,4487.91,8
2025-10-23T14:45:50.504579,4484.38,7
2025-10-23T14:46:00.504579,4490.91,5
2025-10-23T14:46:10.504579,4486.49,8
2025-10-23T14:46:20.504579,4489.28,10
2025-10-23T14:46:30.504579,4482.59,6
2025-10-23T14:46:40.504579,4487.63,4
2025-10-23T14:46:50.504579,4481.87,10
2025-10-23T14:47:00.504579,4486.28,3
2025-10-23T14:47:10.504579,4485.11,10
2025-10-23T14:47:20.504579,4491.25,9
2025-10-23T14:47:30.504579,4490.33,6
2025-10-23T14:47:40.504579,4487.65,5
2025-10-23T14:47:50.504579,4487.55,6
2025-10-23T14:48:00.504579,4491.82,4
2025-10-23T14:48:10.504579,4486.43,9
2025-10-23T14:48:20.504579,4488.54,10
2025-10-23T14:48:30.504579,4484.91,9
2025-10-23T14:48:40.504579,4484.34,1
2025-10-23T14:48:50.504579,4484.05,5
2025-10-23T14:49:00.504579,4483.25,4
2025-10-23T14:49:10.504579,4489.18,5
2025-10-23T14:49:20.504579,4491.85,10
2025-10-23T14:49:30.504579,4492.21,1
2025-10-23T14:49:40.504579,4491.80,1
2025-10-23T14:49:50.504579,4487.81,1
2025-10-23T14:50:00.504579,4493.27,4
2025-10-23T14:50:10.504579,4493.22,2
2025-10-23T14:50:20.504579,4485.82,5
2025-10-23T14:50:30.504579,4490.96,6
2025-10-23T14:50:40.504579,4488.93,10
2025-10-23T14:50:50.504579,4487.09,6
2025-10-23T14:51:00.504579,4492.47,10
2025-10-23T14:51:10.504579,4488.14,6
2025-10-23T14:51:20.504579,4484.99,6
2025-10-23T14:51:30.504579,4491.95,6
2025-10-23T14:51:40.504579,4491.87,6
2025-10-23T14:51:50.504579,4486.97,8
2025-10-23T14:52:00.504579,4487.68,5
2025-10-23T14:52:10.504579,4488.52,5
2025-10-23T14:52:20.504579,4484.16,7
2025-10-23T14:52:30.504579,4488.76,10
2025-10-23T14:52:40.504579,4490.92,4
2025-10-23T14:52:50.504579,4485.04,2
2025-10-23T14:53:00.504579,4492.05,4
2025-10-23T14:53:10.504579,4486.85,8
2025-10-23T14:53:20.504579,4492.95,4
2025-10-23T14:53:30.504579,4484.96,10
2025-10-23T14:53:40.504579,4492.05,6
2025-10-23T14:53:50.504579,4486.92,10
2025-10-23T14:54:00.504579,4493.11,4
2025-10-23T14:54:10.504579,4485.21,2
2025-10-23T14:54:20.504579,4490.22,6
2025-10-23T14:54:30.504579,4491.12,3
2025-10-23T14:54:40.504579,4490.39,2
2025-10-23T14:54:50.504579,4488.97,6
2025-10-23T14:55:00.504579,4488.27,1
2025-10-23T14:55:10.504579,4491.95,4
2025-10-23T14:55:20.504579,4492.75,10
2025-10-23T14:55:30.504579,4485.53,7
2025-10-23T14:55:40.504579,4484.60,10
2025-10-23T14:55:50.504579,4488.33,4
2025-10-23T14:56:00.504579,4492.72,10
2025-10-23T14:56:10.504579,4484.19,2
2025-10-23T14:56:20.504579,4491.87,7
2025-10-23T14:56:30.504579,4484.18,9
2025-10-23T14:56:40.504579,4486.64,2
2025-10-23T14:56:50.504579,4491.55,6
2025-10-23T14:57:00.504579,4491.35,5
2025-10-23T14:57:10.504579,4488.14,9
2025-10-23T14:57:20.504579,4488.74,4
2025-10-23T14:57:30.504579,4485.88,7
2025-10-23T14:57:40.504579,4483.26,6
2025-10-23T14:57:50.504579,4490.87,9
2025-10-23T14:58:00.504579,4485.36,6
2025-10-23T14:58:10.504579,4487.91,9
2025-10-23T14:58:20.504579,4484.12,7
2025-10-23T14:58:30.504579,4486.59,5
2025-10-23T14:58:40.504579,4487.03,5
2025-10-23T14:58:50.504579,4483.80,1
2025-10-23T14:59:00.504579,4488.65,8
2025-10-23T14:59:10.504579,4484.18,2
2025-10-23T14:59:20.504579,4485.99,8
2025-10-23T14:59:30.504579,4483.03,2
2025-10-23T14:59:40.504579,4482.74,6
2025-10-23T14:59:50.504579,4488.32,4
2025-10-23T15:00:00.504579,4485.61,1
2025-10-23T15:00:10.504579,4490.28,3
2025-10-23T15:00:20.504579,4491.03,9
2025-10-23T15:00:30.504579,4491.94,2
2025-10-23T15:00:40.504579,4482.32,8
2025-10-23T15:00:50.504579,4482.60,1
2025-10-23T15:01:00.504579,4483.99,7
2025-10-23T15:01:10.504579,4485.39,7
2025-10-23T15:01:20.504579,4487.85,4
2025-10-23T15:01:30.504579,4490.92,9
2025-10-23T15:01:40.504579,4489.91,6
2025-10-23T15:01:50.504579,4485.33,9
2025-10-23T15:02:00.504579,4489.08,6
2025-10-23T15:02:10.504579,4483.13,7
2025-10-23T15:02:20.504579,4481.42,6
2025-10-23T15:02:30.504579,4489.59,5
2025-10-23T15:02:40.504579,4488.52,3
2025-10-23T15:02:50.504579,4484.94,2
2025-10-23T15:03:00.504579,4490.75,5
2025-10-23T15:03:10.504579,4481.92,6
2025-10-23T15:03:20.504579,4482.73,3
2025-10-23T15:03:30.504579,4488.72,6
2025-10-23T15:03:40.504579,4489.44,5
2025-10-23T15:03:50.504579,4481.37,1
2025-10-23T15:04:00.504579,4487.91,9
2025-10-23T15:04:10.504579,4484.15,3
2025-10-23T15:04:20.504579,4483.39,7
2025-10-23T15:04:30.504579,4484.58,5
2025-10-23T15:04:40.504579,4480.47,8
2025-10-23T15:04:50.504579,4483.20,4
2025-10-23T15:05:00.504579,4483.42,7
2025-10-23T15:05:10.504579,4487.81,1
2025-10-23T15:05:20.504579,4484.13,1
2025-10-23T15:05:30.504579,4481.33,2
2025-10-23T15:05:40.504579,4486.78,7
2025-10-23T15:05:50.504579,4482.23,1
2025-10-23T15:06:00.504579,4480.57,10
2025-10-23T15:06:10.504579,4484.21,6
2025-10-23T15:06:20.504579,4480.08,5
2025-10-23T15:06:30.504579,4485.19,3
2025-10-23T15:06:40.504579,4483.24,2
2025-10-23T15:06:50.504579,4484.65,6
2025-10-23T15:07:00.504579,4486.15,6
2025-10-23T15:07:10.504579,4482.38,2
2025-10-23T15:07:20.504579,4487.04,6
2025-10-23T15:07:30.504579,4483.46,8
2025-10-23T15:07:40.504579,4484.62,3
2025-10-23T15:07:50.504579,4480.50,10
2025-10-23T15:08:00.504579,4482.60,6
2025-10-23T15:08:10.504579,4482.03,8
2025-10-23T15:08:20.504579,4485.48,2
2025-10-23T15:08:30.504579,4488.28,8
2025-10-23T15:08:40.504579,4488.30,5
2025-10-23T15:08:50.504579,4487.01,6
2025-10-23T15:09:00.504579,4489.35,3
2025-10-23T15:09:10.504579,4483.42,4
2025-10-23T15:09:20.504579,4486.63,5
2025-10-23T15:09:30.504579,4481.00,8
2025-10-23T15:09:40.504579,4486.32,6
2025-10-23T15:09:50.504579,4484.87,1
2025-10-23T15:10:00.504579,4484.78,1
2025-10-23T15:10:10.504579,4484.81,2
2025-10-23T15:10:20.504579,4482.61,3
2025-10-23T15:10:30.504579,4487.26,8
2025-10-23T15:10:40.504579,4489.71,3
2025-10-23T15:10:50.504579,4491.72,2
2025-10-23T15:11:00.504579,4489.51,2
2025-10-23T15:11:10.504579,4483.05,8
2025-10-23T15:11:20.504579,4489.39,8
2025-10-23T15:11:30.504579,4486.12,6
2025-10-23T15:11:40.504579,4486.58,9
2025-10-23T15:11:50.504579,4483.59,7
2025-10-23T15:12:00.504579,4487.42,5
2025-10-23T15:12:10.504579,4484.91,1
2025-10-23T15:12:20.504579,4488.02,2
2025-10-23T15:12:30.504579,4485.86,10
2025-10-23T15:12:40.504579,4482.19,9
2025-10-23T15:12:50.504579,4487.21,6
2025-10-23T15:13:00.504579,4483.46,3
2025-10-23T15:13:10.504579,4487.24,8
2025-10-23T15:13:20.504579,4491.35,4
2025-10-23T15:13:30.504579,4485.59,4
2025-10-23T15:13:40.504579,4490.20,5
2025-10-23T15:13:50.504579,4489.75,2
2025-10-23T15:14:00.504579,4485.59,4
2025-10-23T15:14:10.504579,4483.74,3
2025-10-23T15:14:20.504579,4485.99,1
2025-10-23T15:14:30.504579,4481.88,6
2025-10-23T15:14:40.504579,4482.96,10
2025-10-23T15:14:50.504579,4490.28,10
2025-10-23T15:15:00.504579,4484.34,7
2025-10-23T15:15:10.504579,4488.39,5
2025-10-23T15:15:20.504579,4485.47,4
2025-10-23T15:15:30.504579,4484.84,9
2025-10-23T15:15:40.504579,4491.25,5
2025-10-23T15:15:50.504579,4487.03,1
2025-10-23T15:16:00.504579,4486.12,2
2025-10-23T15:16:10.504579,4487.95,1
2025-10-23T15:16:20.504579,4487.95,10
2025-10-23T15:16:30.504579,4488.77,8
2025-10-23T15:16:40.504579,4488.63,4
2025-10-23T15:16:50.504579,4491.25,4
2025-10-23T15:17:00.504579,4485.81,1
2025-10-23T15:17:10.504579,4485.60,8
2025-10-23T15:17:20.504579,4487.30,10
2025-10-23T15:17:30.504579,4487.76,7
2025-10-23T15:17:40.504579,4482.67,3
2025-10-23T15:17:50.504579,4482.75,2
2025-10-23T15:18:00.504579,4483.72,10
2025-10-23T15:18:10.504579,4488.75,9
2025-10-23T15:18:20.504579,4482.28,3
2025-10-23T15:18:30.504579,4485.45,3
2025-10-23T15:18:40.504579,4488.37,3
2025-10-23T15:18:50.504579,4485.62,6
2025-10-23T15:19:00.504579,4481.88,9
2025-10-23T15:19:10.504579,4487.32,3
2025-10-23T15:19:20.504579,4490.47,6
2025-10-23T15:19:30.504579,4488.11,3
2025-10-23T15:19:40.504579,4483.02,8
2025-10-23T15:19:50.504579,4492.41,7
2025-10-23T15:20:00.504579,4487.44,9
2025-10-23T15:20:10.504579,4487.51,3
2025-10-23T15:20:20.504579,4486.24,3
2025-10-23T15:20:30.504579,4488.79,6
2025-10-23T15:20:40.504579,4485.34,4
2025-10-23T15:20:50.504579,4484.31,6
2025-10-23T15:21:00.504579,4491.56,7
2025-10-23T15:21:10.504579,4493.25,1
2025-10-23T15:21:20.504579,4491.44,9
2025-10-23T15:21:30.504579,4485.83,7
2025-10-23T15:21:40.504579,4485.53,9
2025-10-23T15:21:50.504579,4487.64,5
2025-10-23T15:22:00.504579,4492.78,7
2025-10-23T15:22:10.504579,4484.15,6
2025-10-23T15:22:20.504579,4490.97,8
2025-10-23T15:22:30.504579,4491.75,9
2025-10-23T15:22:40.504579,4492.73,3
2025-10-23T15:22:50.504579,4483.79,4
2025-10-23T15:23:00.504579,4484.84,6
2025-10-23T15:23:10.504579,4488.07,7
2025-10-23T15:23:20.504579,4488.03,9
2025-10-23T15:23:30.504579,4491.14,10
2025-10-23T15:23:40.504579,4485.01,5
2025-10-23T15:23:50.504579,4492.65,8
2025-10-23T15:24:00.504579,4491.50,6
2025-10-23T15:24:10.504579,4488.53,6
2025-10-23T15:24:20.504579,4492.78,4
2025-10-23T15:24:30.504579,4489.13,10
2025-10-23T15:24:40.504579,4487.31,1
2025-10-23T15:24:50.504579,4487.18,2
2025-10-23T15:25:00.504579,4492.29,7
2025-10-23T15:25:10.504579,4484.25,6
2025-10-23T15:25:20.504579,4486.03,5
2025-10-23T15:25:30.504579,4489.92,4
2025-10-23T15:25:40.504579,4492.47,2
2025-10-23T15:25:50.504579,4487.56,5
2025-10-23T15:26:00.504579,4485.77,7
2025-10-23T15:26:10.504579,4485.37,9
2025-10-23T15:26:20.504579,4486.23,6
2025-10-23T15:26:30.504579,4485.75,10
2025-10-23T15:26:40.504579,4492.85,3
2025-10-23T15:26:50.504579,4487.24,1
2025-10-23T15:27:00.504579,4484.28,6
2025-10-23T15:27:10.504579,4493.48,5
2025-10-23T15:27:20.504579,4490.31,3
2025-10-23T15:27:30.504579,4485.70,8
2025-10-23T15:27:40.504579,4490.33,4
2025-10-23T15:27:50.504579,4485.83,4
2025-10-23T15:28:00.504579,4487.54,9
2025-10-23T15:28:10.504579,4491.61,9
2025-10-23T15:28:20.504579,4492.46,4
2025-10-23T15:28:30.504579,4491.42,7
2025-10-23T15:28:40.504579,4492.78,2
2025-10-23T15:28:50.504579,4492.09,7
2025-10-23T15:29:00.504579,4489.25,4
2025-10-23T15:29:10.504579,4485.08,8
2025-10-23T15:29:20.504579,4493.76,1
2025-10-23T15:29:30.504579,4492.87,10
2025-10-23T15:29:40.504579,4489.77,8
2025-10-23T15:29:50.504579,4493.78,5
2025-10-23T15:30:00.504579,4484.61,9
2025-10-23T15:30:10.504579,4488.97,5
2025-10-23T15:30:20.504579,4486.59,8
2025-10-23T15:30:30.504579,4486.52,8
2025-10-23T15:30:40.504579,4489.77,5
2025-10-23T15:30:50.504579,4488.67,7
2025-10-23T15:31:00.504579,4492.56,7
2025-10-23T15:31:10.504579,4493.78,9
2025-10-23T15:31:20.504579,4490.31,10
2025-10-23T15:31:30.504579,4490.94,4
2025-10-23T15:31:40.504579,4486.32,4
2025-10-23T15:31:50.504579,4487.27,10
2025-10-23T15:32:00.504579,4486.43,3
2025-10-23T15:32:10.504579,4493.04,8
2025-10-23T15:32:20.504579,4490.12,8
2025-10-23T15:32:30.504579,4493.04,10
2025-10-23T15:32:40.504579,4492.02,6
2025-10-23T15:32:50.504579,4492.90,4
2025-10-23T15:33:00.504579,4492.20,9
2025-10-23T15:33:10.504579,4488.19,7
2025-10-23T15:33:20.504579,4485.54,9
2025-10-23T15:33:30.504579,4492.59,6
2025-10-23T15:33:40.504579,4489.69,4
2025-10-23T15:33:50.504579,4487.86,4
2025-10-23T15:34:00.504579,4484.81,9
2025-10-23T15:34:10.504579,4488.54,8
2025-10-23T15:34:20.504579,4492.40,10
2025-10-23T15:34:30.504579,4488.86,2
2025-10-23T15:34:40.504579,4492.26,9
2025-10-23T15:34:50.504579,4490.40,5
2025-10-23T15:35:00.504579,4484.38,3
2025-10-23T15:35:10.504579,4486.03,6
2025-10-23T15:35:20.504579,4491.80,6
2025-10-23T15:35:30.504579,4489.30,8
2025-10-23T15:35:40.504579,4488.13,4
2025-10-23T15:35:50.504579,4489.94,3
2025-10-23T15:36:00.504579,4484.97,2
2025-10-23T15:36:10.504579,4488.90,6
2025-10-23T15:36:20.504579,4485.30,6
2025-10-23T15:36:30.504579,4487.03,2
2025-10-23T15:36:40.504579,4491.79,10
2025-10-23T15:36:50.504579,4492.89,3
2025-10-23T15:37:00.504579,4492.69,8
2025-10-23T15:37:10.504579,4490.27,5
2025-10-23T15:37:20.504579,4490.14,6
2025-10-23T15:37:30.504579,4483.03,4
2025-10-23T15:37:40.504579,4490.81,10
2025-10-23T15:37:50.504579,4492.35,4
2025-10-23T15:38:00.504579,4488.52,6
2025-10-23T15:38:10.504579,4491.79,2
2025-10-23T15:38:20.504579,4492.75,8
2025-10-23T15:38:30.504579,4488.45,8
2025-10-23T15:38:40.504579,4483.55,6
2025-10-23T15:38:50.504579,4491.23,9
2025-10-23T15:39:00.504579,4486.17,10
2025-10-23T15:39:10.504579,4492.68,9
2025-10-23T15:39:20.504579,4489.04,2
2025-10-23T15:39:30.504579,4493.49,3
2025-10-23T15:39:40.504579,4486.89,8
2025-10-23T15:39:50.504579,4491.04,4
2025-10-23T15:40:00.504579,4488.00,4
2025-10-23T15:40:10.504579,4490.13,6
2025-10-23T15:40:20.504579,4489.34,2
2025-10-23T15:40:30.504579,4487.36,3
2025-10-23T15:40:40.504579,4483.91,7
2025-10-23T15:40:50.504579,4489.51,2
2025-10-23T15:41:00.504579,4487.83,8
2025-10-23T15:41:10.504579,4486.88,7
2025-10-23T15:41:20.504579,4488.61,6
2025-10-23T15:41:30.504579,4486.07,5
2025-10-23T15:41:40.504579,4484.29,4
2025-10-23T15:41:50.504579,4492.31,2
2025-10-23T15:42:00.504579,4488.91,6
2025-10-23T15:42:10.504579,4492.87,6
2025-10-23T15:42:20.504579,4484.46,3
2025-10-23T15:42:30.504579,4484.81,2
2025-10-23T15:42:40.504579,4483.65,10
2025-10-23T15:42:50.504579,4488.38,5
2025-10-23T15:43:00.504579,4486.87,10
2025-10-23T15:43:10.504579,4487.08,9
2025-10-23T15:43:20.504579,4492.38,7
2025-10-23T15:43:30.504579,4491.64,6
2025-10-23T15:43:40.504579,4484.29,8
2025-10-23T15:43:50.504579,4489.29,2
2025-10-23T15:44:00.504579,4491.37,2
2025-10-23T15:44:10.504579,4486.47,3
2025-10-23T15:44:20.504579,4490.16,4
2025-10-23T15:44:30.504579,4484.11,5
2025-10-23T15:44:40.504579,4487.22,8
2025-10-23T15:44:50.504579,4485.79,2
2025-10-23T15:45:00.504579,4485.72,8
2025-10-23T15:45:10.504579,4490.18,4
2025-10-23T15:45:20.504579,4487.01,1
2025-10-23T15:45:30.504579,4488.65,9
2025-10-23T15:45:40.504579,4480.62,1
2025-10-23T15:45:50.504579,4486.45,9
2025-10-23T15:46:00.504579,4486.34,4
2025-10-23T15:46:10.504579,4486.33,3
2025-10-23T15:46:20.504579,4486.35,5
2025-10-23T15:46:30.504579,4485.34,5
2025-10-23T15:46:40.504579,4487.46,9
2025-10-23T15:46:50.504579,4482.04,2
2025-10-23T15:47:00.504579,4486.27,5
2025-10-23T15:47:10.504579,4483.29,7
2025-10-23T15:47:20.504579,4491.69,8
2025-10-23T15:47:30.504579,4490.13,2
2025-10-23T15:47:40.504579,4489.94,2
2025-10-23T15:47:50.504579,4489.22,4
2025-10-23T15:48:00.504579,4485.97,5
2025-10-23T15:48:10.504579,4488.94,6
2025-10-23T15:48:20.504579,4484.95,5
2025-10-23T15:48:30.504579,4487.51,6
2025-10-23T15:48:40.504579,4483.24,4
2025-10-23T15:48:50.504579,4486.85,1
2025-10-23T15:49:00.504579,4490.20,9
2025-10-23T15:49:10.504579,4487.71,2
2025-10-23T15:49:20.504579,4483.32,5
2025-10-23T15:49:30.504579,4488.96,4
2025-10-23T15:49:40.504579,4487.72,9
2025-10-23T15:49:50.504579,4486.13,8
2025-10-23T15:50:00.504579,4487.88,3
2025-10-23T15:50:10.504579,4481.29,5
2025-10-23T15:50:20.504579,4486.52,6
2025-10-23T15:50:30.504579,4484.02,6
2025-10-23T15:50:40.504579,4484.71,5
2025-10-23T15:50:50.504579,4485.49,4
2025-10-23T15:51:00.504579,4485.33,2
2025-10-23T15:51:10.504579,4488.08,9
2025-10-23T15:51:20.504579,4485.87,1
2025-10-23T15:51:30.504579,4485.77,6
2025-10-23T15:51:40.504579,4482.46,6
2025-10-23T15:51:50.504579,4490.43,7
2025-10-23T15:52:00.504579,4482.02,1
2025-10-23T15:52:10.504579,4482.80,10
2025-10-23T15:52:20.504579,4488.91,3
2025-10-23T15:52:30.504579,4487.48,5
2025-10-23T15:52:40.504579,4484.54,7
2025-10-23T15:52:50.504579,4484.75,7
2025-10-23T15:53:00.504579,4485.26,4
2025-10-23T15:53:10.504579,4482.55,1
2025-10-23T15:53:20.504579,4488.84,5
2025-10-23T15:53:30.504579,4482.65,3
2025-10-23T15:53:40.504579,4488.20,8
2025-10-23T15:53:50.504579,4485.83,4
2025-10-23T15:54:00.504579,4485.70,1
2025-10-23T15:54:10.504579,4484.57,2
2025-10-23T15:54:20.504579,4490.38,1
2025-10-23T15:54:30.504579,4488.19,8
2025-10-23T15:54:40.504579,4488.61,7
2025-10-23T15:54:50.504579,4491.79,9
2025-10-23T15:55:00.504579,4487.21,6
2025-10-23T15:55:10.504579,4490.61,5
2025-10-23T15:55:20.504579,4490.93,4
2025-10-23T15:55:30.504579,4490.00,9
2025-10-23T15:55:40.504579,4486.63,7
2025-10-23T15:55:50.504579,4488.26,2
2025-10-23T15:56:00.504579,4485.68,9
2025-10-23T15:56:10.504579,4484.97,3
2025-10-23T15:56:20.504579,4483.58,10
2025-10-23T15:56:30.504579,4484.92,7
2025-10-23T15:56:40.504579,4492.42,4
2025-10-23T15:56:50.504579,4493.01,2
2025-10-23T15:57:00.504579,4493.81,6
2025-10-23T15:57:10.504579,4489.98,9
2025-10-23T15:57:20.504579,4494.07,1
2025-10-23T15:57:30.504579,4485.81,3
2025-10-23T15:57:40.504579,4493.89,8
2025-10-23T15:57:50.504579,4485.96,9
2025-10-23T15:58:00.504579,4488.57,4
2025-10-23T15:58:10.504579,4493.32,5
2025-10-23T15:58:20.504579,4486.32,3
2025-10-23T15:58:30.504579,4488.81,4
2025-10-23T15:58:40.504579,4484.55,3
2025-10-23T15:58:50.504579,4489.00,5
2025-10-23T15:59:00.504579,4489.40,7
2025-10-23T15:59:10.504579,4485.44,10
2025-10-23T15:59:20.504579,4491.00,8
2025-10-23T15:59:30.504579,4494.34,7
2025-10-23T15:59:40.504579,4493.07,2
2025-10-23T15:59:50.504579,4487.13,9
2025-10-24T09:00:00.504579,4486.36,5
2025-10-24T09:00:10.504579,4484.94,1
2025-10-24T09:00:20.504579,4488.11,5
2025-10-24T09:00:30.504579,4486.18,8
2025-10-24T09:00:40.504579,4489.33,10
2025-10-24T09:00:50.504579,4486.11,9
2025-10-24T09:01:00.504579,4489.23,2
2025-10-24T09:01:10.504579,4485.69,1
2025-10-24T09:01:20.504579,4487.56,5
2025-10-24T09:01:30.504579,4491.28,5
2025-10-24T09:01:40.504579,4492.52,9
2025-10-24T09:01:50.504579,4489.57,3
2025-10-24T09:02:00.504579,4490.65,10
2025-10-24T09:02:10.504579,4491.55,10
2025-10-24T09:02:20.504579,4486.83,7
2025-10-24T09:02:30.504579,4491.76,3
2025-10-24T09:02:40.504579,4487.00,10
2025-10-24T09:02:50.504579,4487.19,3
2025-10-24T09:03:00.504579,4486.97,10
2025-10-24T09:03:10.504579,4487.32,10
2025-10-24T09:03:20.504579,4488.80,6
2025-10-24T09:03:30.504579,4486.66,4
2025-10-24T09:03:40.504579,4487.41,5
2025-10-24T09:03:50.504579,4491.80,1
2025-10-24T09:04:00.504579,4491.00,6
2025-10-24T09:04:10.504579,4490.40,3
2025-10-24T09:04:20.504579,4492.96,3
2025-10-24T09:04:30.504579,4493.31,5
2025-10-24T09:04:40.504579,4489.24,10
2025-10-24T09:04:50.504579,4494.67,7
2025-10-24T09:05:00.504579,4495.24,2
2025-10-24T09:05:10.504579,4486.32,1
2025-10-24T09:05:20.504579,4495.60,10
2025-10-24T09:05:30.504579,4492.30,10
2025-10-24T09:05:40.504579,4488.80,10
2025-10-24T09:05:50.504579,4486.34,2
2025-10-24T09:06:00.504579,4487.89,2
2025-10-24T09:06:10.504579,4491.19,4
2025-10-24T09:06:20.504579,4485.64,6
2025-10-24T09:06:30.504579,4488.09,8
2025-10-24T09:06:40.504579,4489.67,8
2025-10-24T09:06:50.504579,4493.40,1
2025-10-24T09:07:00.504579,4492.60,5
2025-10-24T09:07:10.504579,4491.81,1
2025-10-24T09:07:20.504579,4490.50,2
2025-10-24T09:07:30.504579,4487.36,9
2025-10-24T09:07:40.504579,4487.43,6
2025-10-24T09:07:50.504579,4486.04,6
2025-10-24T09:08:00.504579,4486.87,10
2025-10-24T09:08:10.504579,4486.55,7
2025-10-24T09:08:20.504579,4489.21,1
2025-10-24T09:08:30.504579,4490.24,3
2025-10-24T09:08:40.504579,4489.80,1
2025-10-24T09:08:50.504579,4493.14,10
2025-10-24T09:09:00.504579,4492.69,9
2025-10-24T09:09:10.504579,4485.47,1
2025-10-24T09:09:20.504579,4486.19,6
2025-10-24T09:09:30.504579,4487.15,2
2025-10-24T09:09:40.504579,4487.50,7
2025-10-24T09:09:50.504579,4486.95,8
2025-10-24T09:10:00.504579,4486.73,4
2025-10-24T09:10:10.504579,4486.89,8
2025-10-24T09:10:20.504579,4487.64,1
2025-10-24T09:10:30.504579,4486.32,3
2025-10-24T09:10:40.504579,4483.23,8
2025-10-24T09:10:50.504579,4488.30,8
2025-10-24T09:11:00.504579,4488.35,3
2025-10-24T09:11:10.504579,4485.47,1
2025-10-24T09:11:20.504579,4487.76,7
2025-10-24T09:11:30.504579,4489.33,3
2025-10-24T09:11:40.504579,4485.37,3
2025-10-24T09:11:50.504579,4486.23,3
2025-10-24T09:12:00.504579,4483.36,8
2025-10-24T09:12:10.504579,4491.16,9
2025-10-24T09:12:20.504579,4491.99,9
2025-10-24T09:12:30.504579,4487.79,8
2025-10-24T09:12:40.504579,4491.51,2
2025-10-24T09:12:50.504579,4483.90,8
2025-10-24T09:13:00.504579,4486.53,10
2025-10-24T09:13:10.504579,4482.76,6
2025-10-24T09:13:20.504579,4484.90,7
2025-10-24T09:13:30.504579,4487.79,8
2025-10-24T09:13:40.504579,4490.30,8
2025-10-24T09:13:50.504579,4490.58,2
2025-10-24T09:14:00.504579,4488.50,8
2025-10-24T09:14:10.504579,4491.00,9
2025-10-24T09:14:20.504579,4489.69,4
2025-10-24T09:14:30.504579,4489.51,2
2025-10-24T09:14:40.504579,4490.33,8
2025-10-24T09:14:50.504579,4484.51,10
2025-10-24T09:15:00.504579,4488.75,1
2025-10-24T09:15:10.504579,4487.30,7
2025-10-24T09:15:20.504579,4492.15,7
2025-10-24T09:15:30.504579,4492.17,10
2025-10-24T09:15:40.504579,4489.01,3
2025-10-24T09:15:50.504579,4488.65,9
2025-10-24T09:16:00.504579,4483.55,3
2025-10-24T09:16:10.504579,4485.80,10
2025-10-24T09:16:20.504579,4488.33,10
2025-10-24T09:16:30.504579,4486.43,1
2025-10-24T09:16:40.504579,4491.38,2
2025-10-24T09:16:50.504579,4485.56,3
2025-10-24T09:17:00.504579,4487.39,9
2025-10-24T09:17:10.504579,4489.47,8
